3146 4810
778 259 821 327 39

695 351 900 360 -ψ

178 447 325 532 quamvis
347 468 432 529 roro,
455 454 646 534 usurpatum
670 455 730 516 est.
756 489 796 498 -
821 450 861 521 X.
884 449 964 516 595:
1001 455 1113 530 „Delos
1136 487 1178 498 -
1200 465 1320 533 paveat
1340 473 1418 534 par-

178 577 226 624 tus
248 567 391 624 meruisse
412 566 569 641 deornm“,
600 561 688 645 quod
710 560 865 628 alies'bis
887 566 1016 629 tentum
1038 561 1195 646 seriptum
1218 559 1419 626 invenimus:

179 672 337 740 Onmet.
360 673 479 744 1386.
508 680 541 740 et
563 674 637 745 Tuo.
660 674 699 742 G.
722 674 750 744 7.
779 713 822 724 -
850 674 893 745 11.
917 677 973 740 16:
1007 676 1104 762 „quid
1123 679 1203 760 petis
1224 677 1330 753 nri?“,
1361 671 1421 754 qui

178 805 256 850 usus
278 806 354 852 raro
377 791 485 852 exstet
506 785 592 872 apud
615 785 789 854 Horu-lium
818 785 890 874 (eir.
912 808 963 871 ep.
985 785 1012 854 1.
1036 787 1184 870 11211).
1229 783 1420 849 Lucretium

179 895 251 981 (cfr.
272 896 332 965 Ill.
354 897 433 984 86.)‚
456 897 637 983 Vergilium
661 898 732 984 (cfr.
755 899 835 966 Aen.
859 898 1028 985 111195).
1061 897 1150 967 vm.
1167 898 1245 961 154:
1272 899 1421 975 ,Andro-

178 1015 304 1073 machen
338 1016 461 1097 quaerit
495 1014 630 1073 viduare
663 1016 814 1090 rnnrito“,
849 1009 935 1094 quotl
966 1008 1066 1075 eiiam
1095 1014 1211 1094 poetae
1243 1007 1418 1091 Vergilius,

180 1120 333 1203 Ovidius,
356 1121 511 1188 Horatius
534 1122 743 1190 admiserunt.
787 1124 826 1189 X.
851 1125 907 1190 12:
936 1128 994 1204 „Et
1016 1145 1139 1208 superos
1163 1126 1282 1207 nnpune
1301 1126 1417 1206 premit

175 1255 264 1320 prece
280 1239 369 1297 nixa
391 1239 508 1318 virago
530 1239 654 1299 invitos
674 1261 786 1323 parere
805 1240 896 1301 sior.
921 1236 958 1306 X.
977 1237 1011 1304 12
1036 1225 1132 1313 „Fert
1149 1237 1271 1295 animus
1286 1235 1421 1316 vulgare

175 1350 302 1427 πρίαμ.
331 1345 401 1432 (ofr.
423 1347 480 1411 Ov.
503 1351 579 1417 met.
602 1346 625 1418 I.
652 1353 676 1417 l.
699 1347 741 1414 id.
766 1371 794 1416 o.
818 1369 849 1414 a.
872 1347 931 1417 111.
954 1347 1028 1414 467.
1051 1343 1293 1415 1111111167.
1329 1343 1420 1414 Suet

180 1456 273 1528 Otho.
304 1459 362 1543 6.).
392 1495 435 1506 —
466 1458 574 1525 Elium
596 1459 629 1524 in
654 1460 780 1525 Orestis
805 1459 973 1543 tragoedia
1000 1457 1105 1523 mults
1129 1455 1248 1522 similia
1271 1455 1421 1541 exemplu

179 1574 318 1651 exstant,
334 1570 422 1636 velut
438 1593 466 1636 v.
483 1572 563 1637 664:
588 1597 675 1658 „spes
689 1577 764 1635 haec
780 1576 922 1635 accendit
938 1577 1055 1634 amicos
1072 1575 1251 1633 Accelerare
1265 1572 1419 1651 grndns“.

179 1703 208 1750 v.
234 1683 311 1748 154:
351 1734 366 1762 ,,
366 1686 557 1771 facinusque
576 1709 697 1770 parare
720 1689 898 1771 Disponr't“.
938 1681 1010 1770 (eir.
1034 1681 1156 1752 Pallatl
1181 1680 1273 1765 April
1296 1681 1335 1746 ll.
1362 1680 1422 1764 1.).

179 1815 209 1860 v.
232 1796 310 1861 612:
346 1803 467 1874 „tacita
491 1823 566 1884 qnos
588 1823 662 1861 voce
684 1801 808 1861 monebo
830 1801 991 1860 Adventus
1013 1820 1140 1882 sperare
1162 1803 1259 1858 tnos“.
1283 1815 1314 1864 v.
1336 1795 1424 1862 656:

181 1913 302 1990 ,Regia
314 1911 458 1987 familia
479 1914 574 1971 scelus
595 1915 651 1972 hoc
670 1917 780 1995 punire
798 1915 998 1996 precantnr“,
1030 1908 1087 1993 qui
1114 1929 1191 1973 usus
1220 1905 1299 1972 alibi
1334 1905 1426 1989 apud

127 2059 129 2064 ,
181 2017 330 2084 Ovidium
352 2019 451 2085 semel
473 2026 601 2087 tantum
625 2028 748 2089 exstat:
771 2021 988 2093 1111111581
1013 2040 1061 2100 „et
1076 2038 1131 2085 tua
1148 2058 1189 2068 -
1209 2026 1422 2106 deprecor-‘ss

179 2152 209 2198 v.
230 2131 312 2196 488:
349 2137 395 2209 „si
419 2139 572 2219 queaeritis
595 2151 667 2198 ante
689 2141 802 2218 rogari
825 2138 879 2198 Ad
900 2139 1097 2221 quodcunque
1118 2138 1242 2214 nescrsa.
1288 2153 1318 2199 v.
1341 2131 1426 2201 761:

183 2249 296 2332 „Quod
324 2261 507 2331 snper'ossa
527 2272 625 2332 rogas
647 2253 761 2312 moechi
783 2251 969 2310 moribunda
1000 2253 1133 2325 iacerd,
1164 2245 1220 2328 qui
1241 2265 1320 2310 usus
1341 2242 1425 2309 ullbi

183 2355 271 2440 apud
293 2356 455 2424 Catullum
487 2359 585 2426 semel
615 2364 744 2425 tautum
774 2360 956 2445 reperitur:
995 2380 1095 2429 carm.
1126 2361 1186 2439 35,
1223 2359 1280 2425 10:
1317 2375 1424 2442 „roget

180 2477 331 2536 morari‘.
346 2492 383 2538 ·v.
407 2473 486 2536 323:
517 2491 707 2560 „veteresque
730 2479 885 2536 trahemus
908 2476 949 2537 In
971 2490 1112 2536 nostram
1135 2477 1271 2537 transire
1284 2474 1425 2560 fldem‘,

180 2581 276 2665 quod,
299 2587 337 2647 ul
359 2584 425 2649 ium
447 2584 654 2650 Schenkelius
676 2584 758 2650 dicit
780 2587 825 2668 (p.
848 2585 937 2671 211),
967 2585 1057 2652 nullo
1080 2583 1227 2668 exemplo
1252 2581 1424 2648 confirma-

181 2698 246 2760 tur.
269 2695 318 2758 Ao
340 2695 440 2760 mirus
463 2715 592 2779 quoque
614 2696 670 2761 ille
692 2697 783 2762 loeus
807 2701 857 2762 est
881 2719 912 2765 u.
935 2699 1014 2768 951:
1055 2704 1152 2787 „Quis
1175 2714 1339 2760 temerator
1360 2701 1423 2760 erit

180 2811 330 2870 caelestia
354 2813 425 2870 iura
448 2815 624 2890 movere.)“‚
646 2808 709 2873 nisi
733 2808 816 2875 forte
839 2811 1025 2895 corruptela
1046 2811 1139 2878 latet.

285 2917 465 2985 Infinitivus
487 2920 623 3002 consilii,
645 2922 702 3005 qui
725 2921 854 3005 dieitur,
878 2924 948 2989 vioe
971 2923 1079 3008 supini
1100 2924 1133 2988 iu
1159 2930 1246 3001 „zarn‘
1272 2922 1423 2988 desinen-

181 3033 224 3096 tis
245 3030 383 3115 fungens
405 3032 525 3116 legitur
547 3039 622 3118 post
644 3033 753 3115 verba,
777 3035 894 3120 quibus
911 3036 1014 3104 motio
1030 3035 1232 3120 exprimitur,
1255 3033 1306 3100 his
1321 3033 1420 3099 loeis:

182 3140 270 3212 VIII.
293 3145 374 3208 436:
410 3152 554 3223 „veniunt
578 3151 626 3209 ad
647 3173 742 3212 sacra
767 3155 921 3231 Cythereie
944 3152 1081 3213 Reddere
1102 3165 1179 3212 voto
1204 3151 1286 3212 dei“.
1329 3144 1422 3215 VlII·

182 3256 260 3324 573:
286 3263 470 3334 „venientem
491 3283 586 3322 sacra
606 3263 744 3324 dicare“.
776 3261 848 3326 Vll.
875 3262 953 3327 150:
978 3277 1100 3344 „surget
1122 3263 1160 3322 de
1174 3261 1326 3346 fluctibus
1348 3263 1422 3322 imis

181 3373 277 3431 Belua
301 3373 450 3432 terribilis
473 3395 606 3432 summas
627 3376 740 3455 gestire
758 3397 814 3458 per
844 3377 976 3436 undas“.
1021 3371 1111 3439 VIII.
1135 3371 1195 3438 51:
1234 3375 1421 3456 „Capitolia

181 3484 263 3542 celsa
285 3484 407 3565 petebat
424 3485 561 3545 Reddere
578 3501 653 3547 vota
671 3489 746 3549 Iovi
750 3491 775 3548 ⁴¹.
793 3484 913 3549 -Hic
933 3483 1111 3549 infinitivus
1126 3488 1202 3568 posi
1220 3488 1359 3564 „venire“
1377 3479 1420 3548 ab

179 3590 330 3659 'omnibus
356 3591 422 3658 fere
442 3594 653 3680 scriptoribus
670 3595 824 3663 Cicerone
840 3601 975 3681 excepto
991 3599 1176 3679 usurpatur,
1190 3599 1265 3681 post
1281 3601 1417 3681 „petere‘

182 3708 293 3770 aulem
315 3709 348 3770 et
373 3714 531 3790 „sm-gere*r
556 3707 621 3772 ulio
643 3708 717 3774 looo
739 3730 805 3774 non
826 3709 999 3789 iuvenitur,
1031 3707 1089 3774 sed
1112 3706 1168 3774 ofr.
1192 3707 1341 3776 laeetani
1362 3704 1419 3774 IV.

185 3819 234 3895 13,
259 3808 316 3882 19}
343 3824 416 3905 „qni
438 3838 584 3903 exsurget
604 3827 784 3907 principari
806 3827 838 3885 in
860 3808 1420 3904 1111110111εῆ-0168118118ςοθ111α

182 3925 332 3994 infinitivi
355 3931 480 3997 consilii
503 3931 583 4000 hsee
605 3911 752 4018 exempla
766 3933 913 4001 exhibet:
936 3957 967 4006 v.
989 3936 1049 4003 99:
1074 3939 1154 4014 ‚Nil
1176 3951 1279 3998 acerem
1305 3936 1420 3995 Troiae

183 4055 236 4118 est,
260 4045 289 4102 si
309 4068 368 4106 non
391 4049 556 4108 comitante
572 4052 724 4127 Mycenas
738 4050 873 4130 Virgine
885 4071 982 4132 pergo
995 4051 1101 4111 redux
1113 4051 1278 4134 plangenti
1291 4047 1420 4108 reddere

183 4157 291 4233 matri,
316 4161 418 4243 (liram
437 4174 531 4242 putat
552 4162 773 4238 exstinctam‘,
792 4159 888 4242 quale
910 4159 1093 4244 exemplum
1115 4157 1194 4224 alibi
1216 4177 1281 4223 non
1303 4157 1419 4226 inveni.

182 4285 210 4333 v.
233 4265 313 4330 586:
360 4272 464 4348 „Imus
493 4271 541 4330 ud
562 4274 730 4352 Argolicas
758 4275 884 4334 veniam
914 4275 1033 4335 donare
1059 4277 1209 4353 Mycenas
1231 4272 1419 4335 Criminibus
