3146 4810
264 1073 313 1138 De
350 1077 495 1151 „Orestis
533 1075 759 1155 tragoediae“‚
791 1092 889 1156 ,quae
926 1077 1079 1153 vocatur,
1124 1077 1275 1154 aucmre,
1312 1074 1406 1140 'cuins

160 1206 279 1251 nomen
310 1184 403 1250 nobis
433 1204 538 1267 neque
572 1183 719 1250 codicum
748 1184 960 1269 inscriptione
989 1205 1096 1269 neque
1117 1205 1176 1269 per
1198 1185 1281 1252 alios
1305 1186 1406 1270 scrip-

159 1303 263 1371 tores'
288 1295 447 1362 traditum
496 1303 560 1376 est,
603 1296 727 1381 primus
771 1297 826 1362 Fr.
864 1297 1008 1361 Haasius
1049 1296 1083 1360 in
1125 1296 1406 1363 Miscellaneorum

158 1409 428 1494 philologicorum
466 1409 551 1474 libro
587 1407 687 1474 tertio
722 1407 952 1474 Wratislaviae
986 1431 1072 1476 anno
1108 1413 1188 1476 1861
1232 1410 1319 1477 edito
1361 1411 1406 1498 (p.

161 1521 229 1607 32.)
266 1542 337 1586 eam
371 1522 590 1588 coniecturam
629 1519 707 1586 iecit
743 1525 782 1586 ut
817 1525 967 1605 putaret,
1005 1527 1172 1588 auctorem
1206 1521 1303 1588 huius
1337 1543 1407 1589 car·

159 1635 256 1699 minis
289 1633 567 1700 adulescentulum
604 1633 706 1698 fuisse
744 1638 843 1716 atque
881 1653 1015 1718 operam
1051 1655 1188 1700 navasse
1223 1633 1407 1702 rhetoricae

158 1746 305 1832 iurisque
340 1745 462 1813 studio.
518 1747 567 1812 De
600 1753 718 1832 poetae
751 1747 861 1830 patria
895 1746 1065 1831 Machlyns
1098 1747 1132 1812 in
1169 1747 1407 1831 prolegomenis

54 1949 57 1956 Ι
161 1858 313 1924 editionis
351 1857 396 1945 (p.
421 1858 527 1946 XIII.)
559 1859 608 1924 ita
630 1859 802 1940 disseruit,
832 1865 871 1924 ut
902 1880 974 1926 enm
1005 1859 1168 1924 Graecum
1198 1859 1298 1926 luisse
1332 1879 1408 1926 con·

160 1970 328 2054 tenderet,
365 1992 463 2055 quam
495 1971 689 2038 sententiam
720 1972 819 2038 etiam
851 1972 888 2039 L.
922 1972 1100 2038 Muellerus
1135 1972 1235 2060 (Mus.
1256 1972 1306 2042 rh.
1328 1977 1406 2039 tom.

160 2083 256 2151 XXI.
280 2106 314 2169 p.
336 2084 401 2151 455
424 2083 514 2168 sqq.)
535 2085 696 2169 probarit.
732 2084 856 2164 Quibus
879 2086 958 2150 virle
981 2084 1174 2150 adversatus
1197 2089 1247 2150 est
1270 2084 1407 2151 Carolus

163 2195 385 2278 Schenhelius,
416 2195 473 2280 qui
495 2197 529 2261 in
551 2195 693 2264 editione
716 2198 762 2282 (p.
786 2197 854 2285 92.)
876 2198 1040 2282 sagaciter
1062 2218 1140 2263 sane
1163 2196 1320 2264 odoratus
1342 2203 1404 2280 est,

163 2315 329 2376 auctorem
343 2310 477 2374 natione
492 2307 682 2376 Africanum
697 2308 806 2390 fuisse,
823 2309 983 2393 simulque
999 2310 1080 2374 satis
1091 2310 1261 2394 perspicue
1274 2309 1407 2375 demon-

45 2460 46 2464 =
164 2421 290 2504 stravit,
310 2427 441 2506 poetam
456 2421 551 2488 fidem
567 2421 779 2489 christianam
796 2422 979 2507 professum
995 2442 1077 2505 esse,
1098 2421 1212 2488 Haasii
1232 2422 1406 2504 sententia,

46 2564 50 2581 ·
161 2533 307 2600 refutata
331 2536 388 2619 qui
419 2535 512 2601 illum
545 2534 651 2603 afide
682 2534 863 2602 christIana
891 2535 1032 2600 alienum
1061 2533 1164 2600 luisse
1186 2532 1408 2600 affirmaverat

47 2690 51 2733 ς
163 2647 208 2732 (p.
232 2647 311 2736 26.).
368 2647 431 2714 Sed
464 2648 579 2733 paucis
611 2649 705 2715 annis
738 2653 813 2734 post
846 2637 996 2746 quaestio
1028 2647 1104 2729 illa,
1139 2647 1290 2730 quisnam
1321 2652 1408 2713 esset

48 2758 52 2771 “
162 2760 289 2826 Orestis
311 2760 503 2845 tragoediae
525 2767 651 2844 auctor,
674 2763 708 2828 in
729 2782 848 2828 novum
864 2761 1026 2845 quendam
1049 2764 1172 2826 statum
1189 2764 1239 2825 est
1254 2757 1422 2830 deducta„

161 2875 245 2958 Aug.
269 2874 377 2940 Maius
399 2875 504 2956 enim,
528 2876 622 2940 cuius
643 2880 720 2960 post
740 2879 880 2941 mortem
902 2875 937 2940 in
960 2872 1140 2959 appendice
1163 2894 1298 2958 operum
1320 2892 1406 2938 anno

163 2987 247 3052 1871
272 2986 399 3074 Orestis
421 2987 592 3072 tragoedia
615 2993 648 3054 et
672 2987 843 3054 Dracontii
865 2992 1026 3068 „Helenae
1046 2992 1180 3071 rapcns“
1204 2983 1293 3051 edita
1315 2987 1402 3066 sunt,
1432 3079 1434 3084 Ι

163 3097 348 3182 suspicatus
372 3103 439 3180 est,
462 3098 504 3164 ab
527 3098 641 3166 eodem
663 3101 722 3167 illo
747 3101 927 3167 Dracontio
951 3099 1077 3166 Orestis
1099 3097 1303 3184 tragoediam
1326 3117 1406 3182 quo·

52 3218 56 3289 ζ
162 3231 226 3295 que
249 3229 319 3277 esse
342 3213 573 3296 compositam,
604 3213 692 3297 quod
724 3212 765 3279 de
789 3211 954 3295 Duhnius,
985 3212 1043 3296 qui
1065 3209 1266 3277 Buechelero
1288 3208 1405 3276 adhor-

163 3328 255 3388 tante
271 3323 440 3401 Draeontii
461 3324 608 3391 carmina
622 3325 759 3409 minora,
782 3347 866 3410 quae
881 3331 1050 3407 vocantur,
1072 3325 1107 3390 in
1129 3325 1235 3390 lucem
1256 3321 1404 3408 protulit,

162 3437 197 3501 in
220 3435 360 3503 editione
384 3438 554 3524 (p.vss1.)
577 3459 637 3523 pro
661 3444 751 3504 certo
776 3437 973 3505 contendere
995 3458 1095 3504 ausus
1118 3441 1179 3504 est.
1224 3435 1269 3500 Et
1290 3454 1404 3519 quam·

162 3569 260 3633 quam
283 3550 327 3618 Μ.
352 3550 553 3617 Schmidtius
575 3551 674 3636 (Mus.
697 3550 737 3617 rh
768 3554 846 3616 tom.
862 3550 1024 3616 XXVIII.
1046 3571 1079 3634 p.
1103 3529 1193 3634 202.)
1215 3547 1321 3614 causis
1339 3566 1404 3612 non

161 3661 318 3728 adhibitis
341 3663 526 3748 contendit,
560 3664 747 3745 Feliciano‚
779 3663 948 3729 Dracontii
977 3661 1153 3744 magistro,
1186 3658 1250 3725 hoe
1273 3677 1404 3724 carmen

159 3773 369 3841 tribuendum
403 3797 491 3857 esse,
526 3783 636 3844 tamen
670 3775 888 3844 Baehrensius
921 3775 956 3840 in
978 3773 1086 3843 Flech.
1116 3793 1192 3838 ann.
1226 3777 1304 3838 tom.
1329 3772 1402 3836 107.

159 3908 192 3972 p.
215 3888 308 3970 271„
343 3890 491 3972 quamvis
524 3891 732 3962 vehementer
765 3889 879 3956 eodem
909 3889 981 3955 Ioco
1011 3886 1052 3953 de
1075 3885 1195 3952 Dnhnii
1226 3883 1402 3950 editionem

159 3999 415 4068 Dracontianam
438 4003 544 4089 ipsam
567 4010 605 4069 ut
623 4003 719 4069 nimis
741 4003 952 4088 neglegenter
973 4004 1127 4086 paratam
1146 3998 1289 4065 maximo
1303 4015 1402 4082 opere

158 4113 388 4199 reprehendat,
410 4137 477 4182 non
499 4115 639 4198 dubitat,
662 4116 702 4197 ei,
726 4116 814 4200 quod
836 4114 878 4181 ab
901 4115 958 4183 illo
980 4114 1050 4179 viro
1070 4111 1110 4178 de
1127 4111 1252 4178 Orestis
1273 4114 1402 4194 tragoe-

158 4225 233 4294 diae
255 4233 390 4295 euctore
406 4228 530 4295 dietum
547 4235 606 4313 est,
630 4228 791 4297 assentiri.
816 4227 909 4308 Quod
932 4249 996 4313 quo
1019 4228 1090 4292 iure
1113 4224 1170 4290 ille
1192 4221 1317 4304 iecerit,
1338 4220 1401 4288 hoc

159 4339 404 4408 demonstrandi
436 4343 568 4409 initium
600 4344 666 4410 iam
700 4342 777 4409 fecit
810 4340 970 4408 Rndolfus
1000 4341 1155 4425 Peiperus
1188 4338 1223 4414 in
1257 4334 1399 4401 editione

157 4459 353 4534 „Dracontii
377 4463 499 4522 Orestis
522 4461 731 4542 tragoediae“
763 4454 993 4522 wratislaviae
1024 4454 1107 4518 1875
1139 4453 1258 4618 para?
1287 4447 1334 4534 (p.
1355 4445 1400 4510 44
