3146 4810
615 755 679 859 lle
713 673 965 890 pmlieipio.

277 996 326 1062 De
347 994 522 1082 participio
552 992 762 1059 memorabile
792 993 938 1076 videtur,
973 993 1185 1059 Dracontium
1207 1015 1321 1078 saepe,
1356 995 1416 1059 im-

172 1107 286 1193 primis
302 1105 390 1193 opud
405 1105 674 1191 praepositiones,
690 1105 900 1190 participium
915 1104 1052 1188 perfecti
1067 1105 1189 1188 passivi
1204 1106 1413 1192 ¹coniunctum

175 1239 248 1286 oum
264 1217 468 1285 substantivo
488 1217 636 1302 posuisse
651 1239 711 1302 pro
732 1216 936 1284 substantivo
953 1214 1131 1297 abstracto,
1155 1217 1258 1280 velut:
1285 1218 1337 1280 lx.
1356 1221 1414 1286 76:

173 1348 265 1420 „post
295 1335 433 1396 Hectora
464 1334 627 1394 tractum“.
683 1328 740 1397 IX.
768 1332 846 1399 109:
883 1349 973 1418 „poet
1003 1348 1119 1418 raptas
1146 1336 1321 1418 praedas“.
1365 1331 1420 1401 lX.

176 1443 256 1510 188:
294 1447 353 1524 „de
366 1445 482 1524 funere
505 1447 639 1508 eracto“.
684 1444 726 1511 X.
749 1445 830 1509 272:
866 1448 1016 1524 „domitis
1044 1447 1187 1507 rediebat
1221 1447 1261 1505 ab
1295 1446 1422 1510 Indz's“.

174 1555 214 1621 v.
237 1557 295 1622 32:
322 1559 464 1636 „servati
484 1559 566 1618 civis
578 1561 757 1640 praemia“.
781 1595 808 1602 -
832 1555 895 1621 Hie
918 1577 995 1621 usus
1017 1554 1106 1639 apud
1123 1554 1247 1619 Livium
1268 1553 1422 1638 frequen-

173 1666 320 1732 tissimus
343 1672 403 1748 est,
426 1671 542 1750 posteo
563 1671 672 1732 eutem
694 1667 800 1750 magis
823 1667 991 1751 magisque
1014 1667 1145 1732 evanuit
1168 1671 1200 1730 et
1221 1665 1310 1749 apud
1334 1665 1417 1729 Dra-

175 1779 275 1845 ooulii
297 1777 452 1863 aequales
474 1795 649 1861 nunquam·
664 1779 733 1844 iere
754 1779 926 1846 invenitur.
950 1778 1021 1863 (cfr.
1039 1778 1178 1862 Capitol.
1197 1777 1268 1842 Aul.
1287 1777 1345 1845 Ph.
1360 1779 1423 1846 12:

175 1908 266 1980 „post
293 1915 420 1978 puerum
451 1891 632 1978 lapsum“.).
665 1926 706 1938 -
740 1890 789 1955 Ex
813 1890 938 1956 Orestis
971 1889 1141 1973 tragoedia
1163 1889 1227 1954 huo
1250 1888 1426 1954 referenda

175 2007 263 2088 suut⁵
278 2001 360 2068 huso
382 2003 546 2089 exemplu:
586 2023 615 2070 v.
637 2004 699 2071 4⁷:
738 2019 829 2089 „post
861 2020 938 2066 vota
972 2007 1105 2066 soluca“.
1152 2025 1180 2068 v.
1211 2003 1293 2069 425:
1331 2019 1427 2085 „Post

178 2121 339 2200 Pergama
366 2121 493 2200 capta“.
539 2136 567 2184 v.
602 2114 684 2186 471:
723 2131 815 2202 „post
837 2118 973 2178 mensura
1003 2119 1137 2178 soluta“.
1184 2137 1211 2184 v.
1240 2117 1321 2180 80⁷:
1359 2118 1428 2192 „de
1557 2135 1558 2212 ]

177 2234 302 2313 uirgine
323 2235 455 2314 rapta“.
