3146 4810
158 495 195 542 2v.
220 476 298 538 l'lO:
322 478 497 553 „nim-catii
520 491 677 560 tetrumque
705 479 859 538 Turbidus
882 493 953 538 aute
977 478 1090 538 clicm“.
1116 473 1304 560 (usizVerg.
1330 475 1409 541 Aen.

166 585 222 655 IV.
244 586 315 656 696,
340 584 398 652 Ov.
421 589 497 651 met.
521 585 546 649 Ι.
573 585 643 653 148.
666 586 711 650 id.
734 602 799 654 art.
823 588 846 657 I.
873 589 944 654 lat.
968 586 1028 654 III.
1053 587 1138 669 739).

271 695 423 779 Saepius,
456 717 552 778 quam
577 705 701 779 ‚,aute“,
733 699 933 783 praepositio
966 704 1078 785 ‚fflosc“
1110 719 1184 763 oum
1206 699 1410 764 substantivo

166 807 339 872 coniuncta
360 808 429 871 vioe
453 809 613 874 enuntiati
635 809 826 894 temporalis
849 809 1005 892 fungitur,
1028 811 1118 876 velut
1141 810 1199 875 lv.
1224 810 1283 879 53:
1317 827 1408 893 „Post

165 924 315 982 melnera“
350 921 369 985 i.
395 943 422 1002 q.
456 928 629 1005 postquam
658 921 844 986 vulneribus
867 921 975 986 affecti
997 927 1081 987 sunt.
1129 922 1186 986 VI.
1218 922 1278 986 19:
1320 939 1408 1007 „post

167 1037 281 1094 arma‘
314 1034 335 1100 i.
359 1054 390 1116 q.
413 1039 584 1116 postquam
609 1055 701 1099 arma
725 1033 883 1118 deposuit.
928 1033 1015 1100 VIII.
1048 1036 1128 1098 214:
1167 1051 1259 1120 „post
1281 1038 1409 1097 caeleste

166 1148 326 1207 tribunal‘
354 1145 375 1212 i.
398 1167 428 1227 q.
457 1151 630 1228 postquam
661 1148 694 1210 in
725 1147 857 1210 caelesti
887 1144 1043 1211 tribunali
1076 1145 1171 1216 sedIt.
1216 1145 1304 1213 VIII.
1326 1145 1407 1214 433:

165 1272 258 1342 „pest
281 1263 442 1344 aequomst
465 1257 482 1320 i.
508 1278 537 1339 q.
559 1263 732 1340 postquam
756 1277 900 1340 aequora
922 1257 1063 1326 transiit.
1097 1257 1189 1325 VIII.
1211 1259 1296 1322 498:
1320 1274 1409 1342 „post

166 1372 285 1431 sacra“
307 1369 329 1437 i.
346 1389 375 1450 q.
397 1374 571 1451 postquam
588 1390 682 1434 saera
697 1369 773 1434 fecit
803 1370 864 1435 IX.
892 1371 948 1435 18:
971 1373 1095 1453 „post
1116 1368 1314 1434 membra‘¹
1337 1369 1360 1435 i.
1376 1390 1408 1454 q.
1432 1441 1435 1446 ,

165 1484 338 1563 postquam
361 1479 505 1544 membra
528 1481 739 1564 reliquerunt.
783 1482 841 1546 IX.
865 1484 925 1545 64:
961 1485 1076 1565 „post
1099 1481 1308 1546 Hectoras
1331 1482 1353 1548 i.
1377 1502 1409 1565 q.

166 1597 338 1674 postquam
363 1591 485 1657 Hector
509 1595 633 1658 occisus
658 1600 718 1659 est.
762 1595 806 1660 X.
831 1597 911 1658 268:
947 1611 1033 1680 „post
1056 1598 1188 1680 τρηρὼν
1222 1594 1242 1662 i.
1266 1613 1296 1677 q.
1320 1598 1408 1678 post-

116 1730 118 1736 ·
166 1724 265 1787 quam
289 1725 305 1768 a
328 1704 458 1786 templis
483 1706 569 1772 e'xiit.
615 1707 654 1770 X.
677 1706 758 1770 414:
795 1723 881 1792 „post
903 1730 999 1788 regna
1023 1708 1187 1767 baraztri“
1222 1705 1241 1775 i.
1265 1725 1294 1787 q.
1320 1709 1410 1789 post·

165 1834 263 1899 quam
303 1816 337 1879 iu
370 1813 526 1879 barathro
557 1818 710 1900 regnasti.
746 1855 790 1864 -
823 1817 932 1882 Etiam
970 1816 1093 1884 Orestis
1122 1815 1292 1900 tragoedia
1326 1816 1408 1881 talia

165 1925 314 2011 exempla
330 1927 474 2006 exhibet,
498 1929 586 1992 velut
608 1951 636 1994 v.
662 1931 740 1994 140:
769 1947 855 2016 „post
874 1935 985 2016 petles“
1011 1930 1031 1997 i.
1053 1950 1084 2012 q.
1107 1934 1281 2013 postquam
1302 1928 1409 2012 pelles

166 2039 323 2107 abiecisti.
369 2062 396 2107 v.
424 2042 503 2104 141:
533 2056 626 2127 „post
649 2057 729 2104 tecta
752 2049 869 2104 casae“
899 2042 920 2106 i.
945 2063 974 2125 q.
997 2046 1170 2126 postquam
1199 2046 1288 2106 tecta
1314 2061 1409 2106 casae

166 2151 338 2234 reliquisti.
382 2174 410 2215 v.
444 2153 523 2217 599:
561 2160 682 2237 „post
703 2153 905 2219 membra*
944 2155 965 2218 i.
991 2175 1021 2237 q.
1055 2161 1229 2238 postquam
1261 2153 1408 2219 membra

167 2263 310 2347 reliquit.
355 2287 382 2335 v.
404 2267 483 2329 748:
509 2270 628 2348 „post
651 2265 878 2332 Hectora‘¹.

270 2377 310 2440 In
342 2396 401 2440 usu
440 2382 527 2462 „per“
565 2378 815 2460 praepositionis
840 2379 1035 2444 Dracontius
1063 2379 1252 2462 saepissima
1282 2399 1302 2443 a
1334 2397 1410 2442 oon·

166 2487 337 2553 suetudine
358 2493 539 2553 ceterorum
562 2490 756 2573 scriptorum
778 2489 911 2560 recedit.
942 2491 990 2556 Ao
1004 2492 1145 2576 primum
1161 2489 1289 2573 quidem
1317 2493 1405 2575 ,ρον1

166 2597 303 2664 ablativi
325 2600 583 2667 instrumentalis
606 2603 674 2668 vioe
698 2601 845 2686 fungitur
868 2603 918 2668 his
942 2603 1038 2669 locis:
1074 2605 1114 2672 V.
1144 2602 1225 2670 210:
1263 2606 1408 2682 „Hanni-

166 2715 308 2798 balisque
331 2728 442 2775 trucem
456 2715 564 2796 fregit
584 2738 640 2801 per
662 2717 743 2778 bella
758 2719 937 2794 furorcm“.
966 2716 1037 2802 (cfr.
1059 2715 1148 2785 VIII.
1181 2714 1278 2801 630.).
1320 2714 1411 2784 VIII.

168 2823 249 2890 556:
283 2830 430 2910 „rapitur
449 2849 505 2909 per
527 2831 609 2889 colla
632 2833 794 2908 tyraieni“.
840 2827 881 2898 X.
907 2829 988 2894 171:
1021 2832 1190 2907 „Nondum
1210 2852 1266 2915 per
1289 2832 1409 2907 Scythi-

166 2960 223 2998 cas
243 2941 360 3018 glacies
383 2954 447 2998 stat
477 2941 619 3000 barbara
644 2943 796 3003 Colclris“.
845 2939 911 3009 Sat.
934 2941 1014 3005 290:
1062 2943 1147 3018 „Per
1176 2943 1306 3024 pictatis
1337 2957 1411 3024 optes

166 3073 273 3110 nomeu
296 3053 387 3112 ltabct
406 3055 601 3136 placiduui‘.

272 3159 418 3226 Finalem
442 3163 606 3227 notionem
639 3161 739 3228 habet
768 3163 848 3228 haec
878 3163 1081 3248 praepositio
1114 3163 1181 3231 Sat.
1218 3167 1297 3228 267:
1337 3187 1411 3249 „Per

168 3277 325 3336 aetherias
348 3279 460 3362 aquilla
484 3281 636 3338 volitante
657 3281 824 3362 rapieeas¹“.
869 3280 955 3354 „Iu“
980 3279 1070 3362 sequ.
1095 3275 1158 3342 abl.
1184 3280 1408 3358 exspectamus

167 3385 220 3450 his
242 3385 336 3453 locis:
382 3389 421 3454 V.
447 3391 496 3453 11.
535 3391 734 3469 „Defendens
756 3393 881 3452 ueubone
904 3394 987 3452 latus
1008 3413 1063 3476 per
1089 3394 1245 3475 proelia“.
1291 3386 1326 3455 V.
1348 3388 1408 3451 39:

169 3523 256 3576 „cum
281 3504 348 3562 cive
366 3523 422 3586 per
443 3504 543 3562 urbem
568 3504 697 3582 Infelix
721 3504 799 3587 quid
820 3505 901 3564 ciuis
923 3507 1050 3584 agal‘?
1078 3503 1117 3570 V.
1141 3503 1220 3569 141:
1242 3525 1318 3586 „per
1341 3517 1409 3562 teui-

166 3615 225 3696 pla
249 3615 343 3673 denui-
358 3647 402 3658 —
427 3617 529 3676 Sacra
550 3618 729 3698 peregrinus
743 3617 925 3694 seencstat‘ss
950 3611 1022 3700 (cfr.
1047 3613 1136 3679 VIII.
1162 3615 1232 3682 143.
1268 3612 1308 3681 X.
1332 3611 1408 3697 70).

168 3721 206 3792 V.
229 3727 309 3788 315:
355 3743 504 3808 „surgunt
528 3729 669 3809 [regenitus
688 3750 745 3811 per
766 3731 849 3789 colla
873 3733 966 3790 turi“.
1015 3726 1087 3812 (cfr.
1111 3726 1204 3789 VIII.
1231 3727 1301 3789 160.
1348 3723 1407 3794 ΙΧ.

173 3837 259 3920 178).
305 3836 359 3903 VI.
382 3838 440 3903 34:
464 3863 540 3921 „per
562 3844 684 3902 iitoeaia
708 3856 784 3901 vota
807 3846 987 3922 gerantur“.
1011 3838 1084 3903 VII.
1109 3838 1168 3903 36:
1192 3841 1254 3916 „Et
1277 3841 1408 3900 Bacchis

169 3954 305 4035 coplctur
328 3957 425 4013 Amor
445 3975 500 4036 per
522 3969 631 4014 castra
655 3957 808 4015 Diouae“.
834 3951 905 4019 VII.
931 3953 1009 4018 112:
1044 3959 1202 4040 „Quorum
1223 3975 1306 4012 cana
1321 3951 1410 4036 fides

168 4086 223 4149 per
244 4087 340 4126 sacra
366 4068 503 4127 Palatia
530 4070 648 4150 pollens
679 4069 836 4128 Floruit“.
881 4065 954 4133 VII.
982 4067 1057 4130 150:
1102 4081 1226 4147 „surget
1250 4098 1291 4109 —
1313 4067 1409 4126 Belua

171 4179 320 4238 terribilis
343 4202 478 4239 stenimas
500 4183 612 4260 gestire
631 4203 687 4264 per
709 4183 843 4241 eendas“.
889 4179 978 4245 VIII.
1003 4181 1083 4243 Ill:
1131 4183 1240 4256 „Moe”
1275 4182 1409 4238 iuuenem

171 4293 338 4375 complexa
368 4307 446 4354 tenet
473 4314 530 4377 per
558 4295 641 4354 colla
668 4315 724 4376 per
746 4298 838 4385 oraf‘.
884 4291 972 4360 VIII.
997 4291 1077 4356 129:
1113 4293 1245 4370 „Troile
1269 4295 1335 4350 iam
1355 4311 1410 4371 per

170 4404 251 4465 bella
274 4405 400 4482 suris“.
445 4403 535 4472 VIII.
565 4403 647 4470 237:
687 4421 841 4483 „senectus
864 4441 906 4452 -
921 4407 1038 4485 frenat
1067 4407 1193 4466 innuitis
1221 4426 1277 4489 per
1299 4418 1408 4466 ceaencta
