3146 4810
771 261 811 324 10

138 539 140 544 ,
170 457 256 532 ,‚Aut
277 456 387 539 pelagi
407 454 540 514 rabidos
553 452 672 538 fluctus
690 457 806 537 pirata
827 453 990 534 vagetur“.
1015 448 1057 519 id.
1079 447 1151 514 VII.
1176 449 1248 515 145.
1272 449 1313 518 X.
1335 450 1408 516 368.

170 568 490 648 „sonant-catenas“,
523 561 611 648 quod
645 561 773 628 codices
804 562 838 627 in
867 583 962 628 versu
989 561 1030 632 II.
1064 560 1116 628 57.
1147 561 1324 645 praebent,
1357 559 1408 624 his

170 675 325 761 exemplis
355 697 420 742 non
442 675 579 755 addam,
611 695 684 740 cum
713 673 794 739 mihi
818 673 1013 740 Dracontius
1044 694 1109 740 non
1141 680 1324 755 „cateras“,
1352 672 1410 738 sed

170 794 337 872 „eatenae“
361 788 529 874 scripsisse
551 786 711 855 videatur.
733 827 777 836 -
798 787 870 853 Tali
892 787 989 855 modo
1013 787 1115 854 etiam
1135 788 1170 852 in
1193 787 1317 853 Orestis
1339 791 1409 850 tra·

169 901 286 986 goedia
314 899 414 968 verba
442 905 560 966 neutra
590 898 738 967 adhibita
760 905 854 966 sunt:
899 906 1125 987 ‚spretorescsre“
1157 922 1186 972 v.
1222 901 1303 966 128:
1348 903 1411 980 „Et

169 1019 294 1080 lasciva
316 1040 384 1079 reos
402 1018 593 1101 pulerercuat
614 1017 740 1096 gaudia
763 1018 896 1084 vultus“.
940 1019 1126 1102 „tepescere“
1161 1036 1188 1085 v.
1219 1015 1299 1082 583:
1344 1018 1413 1093 „sic

170 1153 272 1192 sensus
295 1133 377 1191 iners
399 1144 455 1190 tua
477 1128 576 1190 corda
600 1131 752 1212 tepescit“.

273 1239 438 1306 Nonnulla
459 1238 560 1305 verba
581 1239 812 1324 impersonalia
834 1239 1049 1308 aDracontio
1072 1238 1298 1326 personaliter,
1323 1236 1413 1321 quod

167 1352 300 1433 dieunt,
331 1356 489 1437 usurpata
511 1356 596 1433 sunt,
627 1351 731 1421 velut:
762 1351 847 1421 VIII.
871 1354 928 1424 62:
963 1374 1061 1435 „rura
1082 1353 1228 1438 pigent‘.
1272 1349 1327 1418 VI.
1352 1350 1413 1416 70:

171 1471 392 1553 „Barcinaeque
413 1469 518 1528 rotari
541 1469 646 1529 Sileno
667 1470 806 1529 saltante
826 1470 981 1553 placent“.
1026 1466 1065 1538 II.
1092 1467 1152 1536 23:
1190 1468 1359 1546 „Divitias
1381 1480 1414 1524 ut

171 1596 253 1644 tecta
280 1582 423 1663 pluaat“.
466 1576 502 1648 V.
533 1578 589 1648 271
626 1585 777 1659 „Martia
805 1584 868 1642 tela
902 1583 1089 1666 pluuntur“;
1128 1579 1200 1664 (cfr.
1221 1579 1303 1647 Plin,
1338 1577 1410 1644 hist.

170 1697 237 1764 nat.
257 1691 301 1763 II.
323 1691 374 1773 56,
399 1693 472 1759 147.
505 1690 586 1762 Stat.
608 1690 705 1762 Theb.
728 1692 818 1762 VIII.
841 1693 929 1779 417.)
959 1731 1000 1740 -
1033 1696 1193 1774 „Credor“
1221 1713 1283 1776 pro
1314 1695 1404 1770 „milei

169 1809 337 1887 creditur“,
361 1802 448 1888 quod
470 1802 558 1888 apud
579 1811 692 1889 poetas
715 1809 843 1869 tantum
866 1806 1024 1871 usitatum
1047 1811 1108 1887 est,
1132 1804 1203 1892 (cfr.
1221 1804 1317 1889 Verg.
1336 1805 1407 1872 Aea

170 1918 216 1988 11.
238 1919 311 1988 24⁷.
355 1916 411 1988 Ov.
441 1916 525 1986 trist.
555 1917 614 1988 III.
646 1919 697 1984 10.
728 1919 780 1983 35.
812 1917 855 1985 id.
886 1922 962 1988 met.
991 1918 1061 1988 VII.
1084 1923 1135 1990 98.
1156 1917 1233 1984 ibid.
1266 1918 1338 1986 XV.
1362 1921 1411 1986 74.

170 2030 215 2102 id
236 2030 307 2101 her.
328 2030 419 2098 XVI.
444 2033 515 2098 129.
537 2029 581 2096 id.
605 2028 678 2100 fast.
699 2030 759 2097 ΙΙΙ.
783 2033 855 2102 351,
876 2030 930 2101 IV.
954 2031 1037 2116 203)
1060 2031 1257 2097 Dracontius
1279 2029 1415 2096 admisit

171 2144 261 2214 VIII.
293 2146 371 2214 159:
408 2147 581 2225 „Provida
602 2169 663 2207 non
685 2147 824 2214 credor“.
856 2183 899 2194 —
927 2144 966 2209 In
998 2144 1124 2211 Orestis
1153 2143 1322 2230 tragoedia
1351 2142 1415 2208 hoc

173 2262 282 2326 exsut
303 2279 331 2328 v.
354 2257 433 2326 ⁷08:
457 2259 534 2337 „sed
555 2261 664 2320 statim
687 2260 811 2322 credita
833 2283 893 2322 non
917 2257 990 2327 esi“.

274 2370 346 2438 Hoc
368 2369 451 2452 loco,
474 2371 533 2435 ubi
555 2369 595 2436 de
619 2391 679 2436 usu
695 2369 786 2435 verbi
802 2371 923 2454 agitur,
944 2371 1033 2437 haud
1049 2371 1116 2437 seio
1132 2391 1175 2436 an
1189 2391 1255 2436 non
1269 2369 1412 2435 alienum

172 2484 225 2565 sit,
248 2504 500 2550 commemorare
521 2484 719 2568 peculiarem
740 2503 836 2548 usum
858 2483 1062 2569 quorundam
1078 2484 1334 2568 participiorum,
1358 2481 1411 2548 Sic

172 2596 368 2663 Dracontius
389 2597 518 2681 passive
542 2597 651 2681 posuit
673 2596 754 2661 haee
776 2597 969 2681 participia:
999 2601 1153 2678 „aosus“:
1175 2596 1217 2665 H.
1242 2597 1292 2661 15.
1340 2593 1412 2681 (cfr.

172 2708 268 2793 Nipp.
290 2707 333 2773 ad
355 2709 428 2779 Tac.
451 2730 526 2776 ann.
551 2708 610 2780 III
633 2709 703 2793 67.)
737 2714 961 2790 „comitatns“:
996 2709 1084 2780 VIIL
1105 2710 1156 2780 st.
1179 2743 1221 2756 -
1244 2706 1315 2772 Hoc
1338 2729 1415 2792 par·

172 2821 319 2906 tieipium
342 2821 441 2887 etiam
463 2822 498 2886 in
522 2821 648 2887 Orestis
670 2821 842 2904 tragoedia
863 2844 891 2892 v.
914 2824 987 2893 694.
1010 2823 1057 2888 sic
1079 2825 1272 2906 usurpatum
1295 2825 1354 2892 est.

276 2935 353 3004 De
383 2947 478 3002 usu
509 2935 797 3018 temporum.
844 2935 1056 3002 Dracontium
1089 2934 1124 3000 in
1145 2956 1208 3000 usu
1230 2940 1411 3019 temporum

174 3048 406 3134 grammaticae
419 3048 527 3132 legum
537 3048 697 3113 rationem
706 3068 770 3113 non
783 3047 945 3130 habuisse,
957 3048 1190 3134 unusquisque,
1201 3049 1258 3132 qui
1270 3048 1412 3114 carmina

179 3160 249 3225 eius
280 3159 473 3245 perlegerit,
510 3160 606 3226 facile
637 3161 805 3247 intelleget
839 3166 940 3247 atque
962 3168 1000 3228 ut
1029 3162 1091 3227 hoc
1113 3159 1272 3241 efficiam,
1308 3156 1410 3222 multa

176 3272 324 3358 exempla
345 3271 462 3339 afferre
476 3294 618 3358 possum,
642 3274 700 3340 sed
722 3295 762 3339 ne
785 3274 901 3360 longus
917 3277 987 3353 sim,
1009 3294 1115 3359 pauca
1131 3273 1303 3340 sufficiant.
1324 3268 1415 3339 VIII.

177 3385 240 3452 333
255 3407 324 3471 sqq.
346 3389 476 3451 exstant
490 3387 678 3470 praesentia
694 3392 865 3468 „meretur“
889 3391 976 3476 „fir‘
1000 3391 1129 3470 „tenet“,
1154 3386 1210 3454 ubi
1224 3385 1413 3472 perfectum,

177 3497 265 3583 quod
285 3521 313 3569 v.
334 3499 406 3569 336,
435 3498 595 3586 (‚,dedit“)
628 3498 766 3584 legitur,
798 3500 983 3586 ponendum
1005 3506 1093 3587 erat3
1129 3501 1209 3567 item
1235 3497 1416 3584 perfectum

178 3611 330 3680 malueris
351 3633 411 3697 pro
437 3616 609 3694 ,subtrahit
631 3631 719 3693 tenet,
742 3618 908 3682 sustinet“:
929 3614 970 3684 X
993 3616 1066 3682 147.
1096 3615 1135 3679 In
1157 3635 1253 3680 versu
1275 3611 1347 3682 VII
1370 3611 1419 3682 I‘t.

178 3724 350 3792 dicendum
368 3730 440 3791 erat
463 3731 587 3807 „arsit“
609 3747 670 3811 pro
694 3731 872 3809 „arserar“‚
894 3731 994 3811 etque
1008 3727 1234 3812 imperfectum
1248 3723 1420 3791 indicativi

180 3842 347 3921 exspectes
368 3859 428 3923 pro
450 3838 770 3923 plusquamperfecto
793 3841 990 3908 coniunctivi
1013 3839 1051 3912 V.
1065 3840 1147 3908 261:
1170 3843 1419 3926 „vidimus-paa-

177 3955 263 4036 peris
275 3975 344 4030 ora,
356 3977 422 4014 cum
434 3957 603 4039 quaesisset
616 3957 729 4039 opert‘.
746 3951 785 4018 In
796 3973 891 4019 versu
902 3953 940 4021 V.
951 3954 1003 4021 50.
1014 3958 1112 4039 poeta
1126 3959 1254 4038 tempus
1265 3971 1421 4037 praesens

180 4083 241 4148 pro
262 4063 451 4148 imperfecto
475 4068 675 4150 „gaudebat“
697 4065 852 4133 adhibere
874 4066 1049 4146 debuisset,
1072 4068 1101 4133 si
1125 4066 1253 4152 singula
1275 4063 1421 4131 membra

181 4181 259 4261 apte
282 4197 475 4261 componere
498 4179 662 4248 voluisset.
699 4179 823 4246 Eadem
846 4180 887 4248 de
909 4201 1009 4248 causa
1029 4180 1088 4250 111.
1110 4179 1160 4251 20.
1181 4200 1247 4245 non
1270 4180 1422 4266 „loquor“

182 4287 240 4356 sed
273 4294 427 4379 „loqriar“
464 4289 637 4359 dicendum
670 4298 751 4364 erat.
805 4294 947 4381 Legibus
980 4293 1211 4380 grammaticae
1244 4290 1422 4376 requiritur

186 4401 333 4468 futurum
358 4412 611 4488 propraesents
634 4407 685 4473 his
707 4408 804 4477 locis:
826 4408 915 4476 VIII
938 4411 999 4479 8⁷:
1026 4413 1132 4490 „venit
1151 4413 1210 4494 pia
1232 4423 1311 4470 oeta
1333 4408 1421 4466 mini·
