3146 4810
746 255 874 354 ss·

256 453 320 529 „A“
348 447 586 531 praepositione
611 447 805 510 Dracontius
827 446 877 511 bis
900 466 977 509 usus
1001 449 1051 509 est
1072 464 1131 528 pro
1155 443 1223 508 solo
1247 444 1389 512 ablativo

149 562 216 630 Sat.
239 561 298 625 27:
336 564 527 644 „conspuistis
550 563 590 620 ab
615 565 697 626 ira“.
734 559 798 624 Sat.
823 559 902 625 243:
930 562 995 637 „sol
1009 559 1163 636 fuscatur
1184 561 1224 618 ab
1245 561 1391 621 errrrlrris“.

148 673 203 738 Ad
224 672 427 738 domicilium
451 670 588 734 alicuius
610 690 767 753 personae
790 670 840 734 val
865 670 913 734 rei
936 667 1183 752 significandum
1207 673 1259 732 ter
1280 671 1390 752 posuit

152 791 231 866 „a“:
266 785 411 854 Il.104:
453 799 579 869 „pastor
603 787 644 845 ab
668 785 764 847 Ida.
810 782 853 849 II.
880 784 955 848 136:
992 787 1179 861 „Narcissus
1202 785 1243 844 ab
1266 787 1389 848 rardr's“.

147 898 206 962 IX.
232 898 312 961 209:
353 913 469 976 „errares
499 898 539 958 atr
573 899 695 958 undis&
738 893 800 973 Qui
829 914 906 958 usus
934 894 995 958 etsi
1017 893 1052 958 in
1075 893 1200 960 Orestis
1223 895 1392 980 tragoedia

147 1031 215 1076 non
237 1014 364 1086 exstat,
402 1015 509 1074 tamen
539 1008 601 1072 hac
632 1031 667 1073 re
690 1030 755 1073 non
778 1028 1032 1087 commovemur,
1066 1012 1104 1070 ut
1132 1007 1194 1072 hoc
1218 1027 1392 1073 carmena

148 1123 327 1188 Dracontio
350 1121 582 1201 abiudioemus‚
613 1141 685 1184 oum
709 1120 795 1184 idem
818 1119 903 1184 desit
926 1120 958 1182 in
986 1135 1098 1204 „raptu
1121 1123 1275 1182 Helenae“
1302 1125 1334 1184 et
1356 1119 1391 1184 in

152 1238 318 1315 „taedeat
370 1235 433 1299 Pro
475 1237 547 1313 „de“
585 1231 825 1316 praepositione
863 1236 920 1310 „a“
958 1231 1065 1313 posita
1102 1236 1151 1295 est
1188 1229 1278 1298 VIII.
1312 1232 1391 1296 146:

152 1372 262 1426 „nestro
284 1352 423 1409 iactatur
446 1349 487 1409 ab
511 1351 611 1409 a'lto“.
634 1383 674 1392 -·-
700 1345 737 1408 In
757 1343 883 1408 Orestis
906 1342 1075 1425 tragoedia
1102 1349 1159 1422 „a“
1186 1343 1315 1426 legitur,
1337 1342 1393 1409 ubi

155 1464 236 1539 „ex“
262 1463 488 1542 exspectamus
508 1456 559 1521 his
579 1457 677 1521 Iocis:
700 1478 730 1522 v.
755 1457 835 1520 572:
863 1460 984 1535 „Donec
1001 1458 1042 1517 ab
1058 1459 1226 1519 undecimis
1241 1482 1287 1518 me
1303 1473 1394 1518 aetas

152 1577 301 1632 eximeret
324 1576 445 1633 armis&
491 1591 520 1634 v.
544 1571 624 1634 581:
650 1575 809 1655 „suspiria
834 1573 943 1630 traxit
965 1571 1006 1630 alr
1031 1573 1092 1630 imo
1118 1572 1274 1632 Pectorc“.

260 1688 345 1760 „Det
370 1681 643 1766 praepositionem
660 1681 856 1745 Dracontius
880 1700 977 1763 saepe
992 1678 1184 1744 insolentius
1206 1685 1280 1763 post
1295 1679 1394 1746 verba

151 1795 338 1877 usurpavit,
374 1794 430 1860 ubi
463 1793 580 1858 melius
618 1799 676 1873 „a“
718 1793 783 1856 sive
822 1800 901 1872 „eret
936 1792 1192 1874 praepositiones
1225 1791 1394 1876 ponendae

152 1912 263 1986 erant,
287 1904 374 1970 velut
397 1906 437 1972 II.
459 1910 519 1971 49:
559 1907 664 1993 „qaod
684 1909 817 1990 supplex
849 1920 950 1966 mater
973 1929 1112 1967 aneorum
1135 1909 1226 1988 Ignis
1249 1929 1334 1991 opem
1356 1908 1395 1968 de

151 2022 240 2104 prole
260 2025 384 2101 rogat“.
424 2015 730 2103 (cfr.VIII‚108.).
775 2016 863 2086 VIII,
896 2015 975 2080 284:
1016 2033 1202 2094 „consortem
1231 2023 1395 2101 sanguinis

152 2155 248 2194 anam
272 2135 343 2194 Non
365 2135 488 2208 accinit,
509 2133 621 2208 dicent,
643 2147 742 2192 rector
764 2132 803 2190 de
824 2153 893 2212 rege
916 2135 1054 2192 mereri“.
1100 2128 1155 2195 IV.
1178 2130 1237 2199 49:
1275 2136 1396 2214 „surgit

154 2246 191 2304 de
215 2247 337 2304 vnlnere
360 2249 511 2328 ser·pens“.
549 2240 620 2308 VII.
644 2243 723 2306 149:
748 2258 870 2323 „surget
892 2244 930 2302 dc
942 2243 1094 2328 flactibus
1118 2247 1219 2304 inrz's“.
1255 2242 1311 2312 VI.
1336 2243 1393 2307 73:

156 2371 312 2440 „apparet
334 2358 372 2417 de
392 2361 515 2440 μανία(
560 2352 649 2421 VIII.
675 2357 709 2417 7:
743 2359 801 2431 „de
822 2370 921 2415 matre
943 2359 1057 2416 veniet.
1103 2351 1160 2419 cfr.
1184 2353 1222 2418 X.
1245 2357 1296 2422 29.
1322 2356 1396 2422 480.

154 2466 229 2530 528.
254 2465 406 2550 (Capitol.
430 2465 519 2533 Pert.
540 2467 578 2529 4:
612 2469 671 2544 „de
692 2471 808 2528 castris
830 2491 897 2528 cunr
919 2465 1109 2551 aenr'sset“.).
1155 2465 1243 2532 VIII.
1268 2469 1304 2535 7:
1337 2471 1396 2544 „de

154 2595 255 2640 matre
276 2585 430 2642 creatar·“.
455 2576 527 2663 (cfr.
550 2577 639 2644 VIII.
664 2577 753 2663 118.)
774 2578 864 2643 VIII.
887 2579 969 2644 464:
995 2581 1160 2662 „degente
1187 2582 1338 2641 Tonantis
1358 2615 1395 2628 -

154 2696 324 2774 genitam“.
361 2689 450 2755 VIII.
477 2690 553 2755 190:
580 2695 719 2769 „Pellere
738 2708 896 2778 pastorem
916 2695 1036 2778 patriis
1057 2694 1096 2753 de
1117 2694 1239 2753 sedibus
1261 2683 1396 2779 anquam

155 2807 247 2865 Fata
262 2809 399 2868 uetant“.
434 2801 525 2872 VIII.
542 2803 621 2867 204:
648 2807 807 2880 ,Scindite
827 2808 955 2889 pellitus
976 2809 1068 2866 niveo
1084 2807 1396 2890 depectoreuestes“'.

155 2913 247 2981 VIII.
269 2914 351 2978 459:
387 2931 504 2992 „cretus
526 2919 672 2998 degente
697 2920 879 3002 Melanrpi“.
924 2915 983 2979 IX.
1008 2918 1087 2979 109:
1123 2933 1256 3001 „raptas
1278 2918 1317 2977 de
1330 2916 1397 3002 fla-

156 3032 237 3088 mine
257 3032 429 3112 praedas“.
455 3025 527 3113 (cfr.
550 3028 588 3093 X.
613 3029 714 3113 561.).
738 3067 780 3077 -
802 3027 925 3093 Deinde
951 3032 1027 3106 „de‘
1051 3028 1158 3110 posita
1181 3031 1231 3091 est
1253 3026 1296 3091 ad
1318 3048 1396 3109 rem,
1429 3057 1433 3064 ·

157 3158 240 3220 quae
261 3139 461 3221 immutatur,
486 3139 740 3224 significandam,
764 3141 851 3207 velut
874 3141 914 3208 Π.
940 3144 998 3205 42;
1025 3143 1083 3217 „de
1095 3142 1210 3220 fratre
1231 3145 1395 3205 rrzaritm‘}

156 3249 247 3317 VIII.
271 3251 351 3317 592:
392 3257 490 3340 „qaid
512 3257 551 3315 de
570 3271 699 3340 pastore
718 3259 857 3340 procella
884 3259 1033 3317 I·'ecerit“.
1078 3253 1122 3320 X.
1144 3255 1203 3318 22:
1239 3257 1336 3337 „serit
1359 3257 1398 3316 de

157 3382 258 3428 matre
279 3373 474 3430 novercamt.
519 3365 558 3431 X.
588 3367 669 3435 472:
709 3372 881 3445 „Concusso
904 3371 943 3429 de
965 3373 1048 3430 crine
1071 3370 1163 3429 iubar
1186 3367 1342 3450 diffunfit
1365 3372 1398 3428 in

159 3481 290 3545 orbem“.
337 3476 404 3544 Sat.
427 3481 484 3548 38:
520 3482 578 3557 „de
600 3482 805 3560 bonefacius
827 3485 917 3542 homo
939 3486 1012 3542 est“.
1045 3517 1086 3526 -
1117 3478 1237 3561 Magna
1265 3478 1398 3545 licentia

158 3587 199 3654 de
222 3594 367 3673 tempore
391 3590 480 3657 dicta
503 3596 552 3656 est
573 3591 631 3672 ita,
655 3598 692 3656 ut
713 3590 799 3656 idem
823 3591 890 3658 fere
913 3591 1040 3672 valeat,
1064 3611 1102 3656 ac
1127 3598 1237 3678 „pont
1261 3612 1398 3676 praepo·

159 3701 245 3781 sitm,
267 3701 318 3767 his
340 3702 439 3768 locist
463 3702 501 3769 V.
521 3706 601 3769 218:
627 3710 757 3782 „meruit
778 3708 817 3767 de
839 3709 930 3768 clade
953 3710 1166 3791 triumpham“.
1201 3701 1291 3770 VIII.
1314 3704 1397 3769 334:

162 3819 239 3892 „Fir
253 3818 349 3895 selice
373 3820 412 3877 de
433 3834 513 3880 sorte
534 3821 653 3880 mala“.
688 3816 777 3884 VIII.
801 3818 881 3884 335:
907 3822 1093 3905 „Imperium
1115 3821 1154 3880 de
1175 3822 1268 3882 clade
1289 3825 1398 3882 tenet“.

160 3924 216 3993 IX.
238 3928 318 3996 227:
351 3934 553 4006 „Praestatur
576 3933 614 3992 de
636 3946 732 3993 morte
755 3921 871 3994 satier.
901 3967 944 3977 --
974 3929 1124 3997 Ablativo
1147 3931 1398 4013 instrumentali,

162 4039 218 4120 qui
239 4060 316 4105 usus
339 4039 427 4124 apud
447 4043 646 4107 recentiores
663 4047 791 4108 tantum
814 4042 990 4128 scriptores
1012 4048 1130 4125 exstat,
1157 4048 1231 4124 „de“
1251 4044 1399 4128 adiungi·

163 4151 216 4214 tur
238 4150 288 4217 his
310 4152 408 4219 Iocis:
431 4153 525 4222 VIII.
544 4156 621 4218 167:
649 4159 824 4239 „Sacrilegi
847 4161 886 4220 de
908 4173 1004 4220 morte
1027 4160 1134 4221 Iovem
1146 4161 1275 4242 placate
1290 4174 1398 4221 tonan·

164 4269 250 4329 tem“.
273 4263 461 4334 VIII.173:
488 4270 705 4355 „membrisque
718 4273 848 4333 salutem
873 4273 1079 4334 Membroram
1101 4273 1140 4332 de
1159 4287 1252 4355 parte
1274 4272 1397 4335 dabir.

164 4411 206 4421 ——
227 4377 297 4444 Iam
318 4378 484 4447 rideamus
507 4402 601 4447 usum
623 4375 719 4447 huius
740 4381 991 4466 praepositionis
1013 4380 1047 4448 in
1070 4380 1194 4446 Orestis
1217 4380 1397 4468 tragoedra.
