3146 4810
742 217 784 280 27

156 485 160 492 μ
251 400 354 486 Saepe
377 403 411 466 in
432 404 734 472 enumerationibus
756 405 907 473 ultimum
922 406 1102 472 membrum
1116 407 1385 474 antecedentibus

145 513 307 595 particula
329 520 398 595 „et“
421 515 619 601 emungitur,
643 519 732 583 velut
752 519 889 589 II.114:
912 523 1113 601 „Pallescunt
1136 543 1246 600 onmes,
1268 523 1385 584 subitus
1444 571 1446 576 .

143 628 238 688 rabor
260 627 362 713 inficit
387 651 460 708 ora,
499 633 639 693 Tendunt
661 633 797 694 membra
826 636 935 711 simui,
968 637 1084 694 cunctis
1112 635 1251 717 respirat
1281 637 1386 696 hiatus

147 742 223 801 Oris
245 754 273 800 et
295 742 343 801 ad
363 745 461 803 crines
483 744 582 825 digiti
603 748 766 806 mittuntur
789 747 979 806 amantum“.
1002 741 1059 813 cfr.
1084 742 1124 812 ll.
1147 742 1221 812 237.
1253 741 1289 808 V.
1314 743 1387 815 237.

144 851 219 916 319.
248 850 330 913 VIII
350 852 424 921 407.
447 852 517 920 646.
543 854 617 919 654.
651 854 1026 926 1X.'t.85.108.171.
1061 854 1100 922 Χ.
1124 859 1195 926 132.
1217 858 1292 923 460.
1315 856 1388 926 560.

249 961 415 1028 Interdum
438 968 507 1045 „et“
531 965 685 1031 scribitur
701 970 778 1032 ante
793 968 944 1051 negativa
959 965 1114 1032 adverbia
1131 973 1164 1032 et
1179 967 1387 1051 pronomine:

144 1091 192 1155 „et
214 1080 409 1162 nunquam“:
444 1073 496 1148 lV.
529 1079 578 1149 16.
609 1079 658 1150 34.
703 1097 752 1159 „et
778 1082 916 1148 mellns“:
949 1076 1004 1149 IX.
1034 1079 1085 1149 81.
1116 1079 1188 1147 139.
1233 1097 1282 1161 „et
1303 1083 1388 1149 nit‘:

143 1186 234 1254 VIII.
256 1189 330 1255 390.
368 1204 416 1269 „ee
437 1193 536 1258 non“:
559 1187 596 1259 II
618 1192 688 1259 132.
710 1228 752 1238 -
777 1189 854 1255 Vice
876 1188 1057 1274 particulae
1081 1194 1217 1271 ,‚etiam“
1241 1188 1388 1274 Iungitur

142 1298 179 1370 X,
195 1301 278 1368 326:
300 1317 349 1379 „et
370 1317 462 1363 easta
487 1306 600 1366 Diana
619 1306 781 1366 Pastorem
805 1305 949 1383 confessa
972 1305 1104 1365 virum“.
1130 1339 1173 1350 -
1188 1301 1388 1368 Particulam

144 1414 241 1492 „sed“
264 1418 415 1494 expectes
437 1411 474 1483 V.
496 1416 554 1483 88:
586 1420 680 1494 „Non
703 1440 832 1492 aarum,
862 1439 922 1476 non
951 1438 1072 1497 gemma
1094 1419 1215 1478 micans
1237 1431 1265 1476 et
1287 1419 1389 1498 turpis

143 1541 263 1607 egestas
287 1527 418 1588 Obsedit
441 1531 546 1588 ieiuna
560 1531 684 1608 sores“.
711 1525 782 1612 (cfr.
797 1526 852 1595 IX.
867 1526 933 1613 59.)
958 1529 1085 1608 „Neve“
1108 1523 1293 1609 ponendum
1317 1530 1389 1590 erat

143 1634 185 1700 X.
210 1637 291 1704 215:
325 1662 381 1718 „ne
410 1654 439 1699 te
460 1641 600 1719 fortuna
631 1643 789 1725 superbum
822 1641 947 1703 Reddat
978 1654 1006 1699 et
1034 1641 1171 1722 incipias
1202 1641 1310 1698 iterum
1339 1633 1390 1699 cea

142 1764 246 1810 nauta
262 1752 396 1812 venire“.
421 1753 481 1830 „V
479 1755 520 1812 ix
541 1787 583 1798 —-
606 1757 655 1814 et“
677 1751 822 1835 positum
845 1754 894 1816 est
915 1770 975 1833 pro
999 1755 1083 1829 „uix
1105 1786 1150 1798 -—
1171 1752 1275 1817 cu1n“:
1300 1747 1388 1814 VIII.

144 1863 192 1928 71.
226 1862 298 1930 217,
341 1867 426 1941 „uix
449 1900 492 1911 -
514 1868 608 1950 qud:
640 1862 682 1934 II
712 1864 761 1933 75.
793 1898 836 1910 -
869 1861 939 1928 Iam
969 1861 1134 1945 videamus
1164 1881 1259 1928 usum
1292 1861 1389 1926 huius

144 1970 327 2054 particulae
361 1972 395 2037 in
420 1972 545 2040 Orestis
578 1973 757 2058 tragoedia.
801 1973 852 2039 Ad
886 1974 1020 2040 tertium
1053 1972 1236 2040 membrum
1259 1971 1386 2040 duobus

143 2082 434 2166 antecedentibus,
468 2105 553 2170 quae
575 2087 729 2170 copulata
752 2107 817 2152 non
838 2091 932 2168 sunt,
967 2085 1208 2170 adiungendum
1231 2083 1387 2151 scribitur

144 2199 213 2276 „et“
237 2194 288 2260 his
312 2194 408 2268 locis:
431 2218 460 2263 1.
484 2197 565 2267 3911
588 2202 741 2278 „Conisns
763 2201 898 2260 viduare
920 2223 1024 2276 nurus,
1056 2201 1167 2260 orbare
1186 2214 1329 2284 parentes
1351 2200 1393 2260 Et

144 2325 240 2374 natos
255 2313 393 2395 spoliare
409 2313 518 2375 cibis“.
541 2331 569 2380 1.
584 2311 666 2380 452:
690 2312 861 2391 „Pronuba
875 2311 1017 2397 flanzma
1031 2312 1115 2390 fruit,
1139 2314 1277 2371 thalami
1297 2333 1391 2391 regns

144 2438 171 2482 et
193 2445 281 2507 pyra
305 2426 429 2487 lectus“.
452 2422 524 2507 (cfr.
546 2445 596 2491 vv.
618 2423 690 2491 649.
714 2422 785 2491 813.
808 2422 894 2506 943.)
916 2457 959 2469 --
983 2420 1064 2485 Aliis
1086 2419 1168 2484 locis
1192 2419 1389 2503 particulam

146 2537 217 2614 „et“
240 2532 421 2600 adhibitam
441 2534 643 2615 invenimus,
673 2535 730 2599 ubi
760 2534 826 2599 iam
857 2531 1036 2616 complurIa
1057 2529 1204 2597 membra
1227 2531 1296 2596 sine
1318 2551 1393 2596 eon·

143 2645 313 2712 iunctione
334 2646 548 2728 antecedunt,
579 2647 669 2713 velut
692 2669 719 2718 v.
742 2650 801 2716 20:
846 2651 962 2734 „Quem
985 2648 1077 2708 dolor
1099 2648 1261 2724 accendit,
1289 2646 1393 2729 pudor

144 2765 286 2838 excitat,
311 2764 404 2843 erigit
427 2767 496 2842 ira,
529 2767 618 2826 Mens
641 2764 746 2840 levat,
769 2762 927 2823 adtollunt
953 2763 1053 2820 animi
1075 2761 1170 2820 borats
1192 2761 1323 2842 impetus
1343 2781 1392 2819 nr-

144 2887 228 2954 gaet,
252 2876 320 2933 Dat
327 2875 429 2952 furor
444 2896 537 2935 arma
550 2878 633 2960 pius,
654 2878 759 2959 pietas
782 2876 843 2935 dat
864 2876 971 2936 noxia
984 2875 1110 2952 ferrum
1131 2873 1171 2933 Et
1191 2873 1392 2933 medicinales

144 2988 292 3071 quatiunt
315 3009 432 3047 sanare
445 2989 608 3067 furores“.
632 2984 703 3071 (cfr.
725 3006 775 3052 11.
799 2983 872 3054 523.
894 2983 967 3053 776.
989 2983 1076 3069 819.)
1100 3016 1142 3026 -
1166 2979 1394 3066 Compluribus

142 3094 227 3162 locis
253 3101 322 3178 „ee‘
346 3118 407 3182 pro
431 3082 569 3181 ‚pttani“
592 3098 721 3184 legitur,
743 3096 832 3164 velut
854 3117 881 3165 1.
906 3097 986 3163 146:
1010 3099 1101 3176 „Vos
1124 3099 1194 3158 ticet
1216 3110 1244 3157 es
1266 3109 1393 3156 maneat

40 3212 44 3220 ’
143 3213 262 3272 similis
284 3235 413 3273 censura
435 3215 620 3276 malorum“.
650 3232 678 3279 1.
702 3212 784 3276 2473
819 3213 951 3293 „Pergit
974 3224 1002 3270 et
1025 3210 1072 3269 ad
1094 3209 1283 3270 tbalarnos“.
1319 3202 1393 3291 (cfr.

144 3341 197 3389 11.
228 3322 300 3393 489.
330 3323 403 3394 638.
431 3323 519 3410 955.)
551 3361 594 3372 -
615 3327 690 3405 ¹„Ae
712 3325 834 3386 rtullns“
866 3342 926 3406 pro
958 3344 1071 3406 „neque
1100 3322 1200 3382 ullus“
1234 3317 1392 3402 scriptum

144 3432 293 3500 videmus
315 3456 344 3504 1.
366 3436 447 3501 858:
483 3439 639 3520 „Ingemit
661 3459 700 3500 ac
721 3440 822 3498 nulius
841 3437 927 3498 cibus
949 3450 993 3496 est
1015 3436 1071 3496 sed
1093 3436 1200 3514 imago
1223 3430 1390 3492 eiborum“.

249 3547 327 3616 ne
358 3547 613 3632 particulis
647 3544 973 3618 adversatlvls
996 3539 1312 3610 commemorandum
1332 3543 1391 3619 est,

146 3659 362 3725 Dracontium
383 3658 446 3726 hoo
468 3661 613 3726 alterove
627 3660 699 3729 loco
716 3655 911 3745 particulam
935 3660 1030 3738 „sed“
1053 3675 1113 3740 pro
1138 3657 1206 3736 „er‘
1228 3651 1392 3738 posuisse:

145 3770 189 3840 X
210 3770 293 3835 341:
328 3777 506 3859 „Quattuor
529 3777 646 3837 interea
670 3775 809 3838 Phoebus
831 3786 1028 3853 transegerat
1050 3791 1167 3847 annes,
1203 3767 1266 3830 Sed
1298 3780 1392 3828 natos

148 3885 264 3947 Medea
287 3887 365 3947 duos
379 3889 526 3967 fecunda
548 3892 666 3950 marito
687 3888 854 3950 Ediderat.
886 3884 928 3954 X,
947 3883 1031 3948 432:
1056 3905 1129 3962 „nec
1155 3883 1244 3942 Lana
1268 3880 1394 3940 videtur

148 4001 201 4062 Sic
224 4013 333 4061 tauros
354 4023 481 4082 urguere
503 4024 575 4063 suos
596 4001 652 4062 sed
670 4001 808 4062 cursibus
831 3993 924 4058 astra
948 3998 1065 4078 Ignitis
1085 4015 1236 4078 responsa
1259 3992 1391 4052 dabant.

148 4109 248 4176 Cuius
286 4110 334 4176 rei
362 4108 397 4176 in
429 4109 553 4178 Orestis
584 4110 754 4196 tragoedia
781 4107 843 4177 hoe
872 4105 1055 4192 exemplum
1085 4109 1208 4174 exstat:
1250 4123 1279 4171 r.
1310 4099 1393 4166 413:

148 4228 313 4306 „Dixerat
344 4243 372 4290 et
398 4243 520 4291 cunctos
551 4228 707 4288 discedere
739 4227 828 4286 iussit
861 4223 902 4285 ab
925 4223 1004 4284 aula
1028 4226 1073 4282 Ac
1095 4220 1236 4281 domibus
1257 4237 1393 4279 remeare

149 4341 225 4418 suis,
247 4339 305 4404 sed
326 4341 404 4404 vilis
418 4343 552 4405 adulter
575 4375 617 4388 -
640 4341 713 4423 Ipse
734 4339 797 4400 sibi
818 4338 939 4420 genium
961 4367 1005 4382 —
1017 4334 1121 4415 facit.
