3146 4810
774 283 825 368 aio

174 472 471 553 condicionalibus,
495 493 579 557 quae
601 478 760 539 vocantur
782 479 971 556 ‚,irreaiia“,
999 473 1087 558 apud
1112 474 1323 540 Dracontium
1346 497 1425 542 non-

174 605 349 669 nunquam
371 587 406 651 in
428 584 563 668 apodosi
595 583 791 652 indicativus
821 585 1003 670 reperitur,
1038 606 1135 669 quem
1165 585 1318 669 aequales
1348 607 1425 652 raro

174 701 314 762 tantum
336 696 544 766 admiserunt.
588 695 746 781 Exempla
768 696 849 763 hacc
872 701 968 763 sunto
994 697 1062 765 Sat.
1086 698 1169 763 183:
1216 705 1318 778 „Dux
1339 705 1424 785 prin-

174 833 253 894 ceps
272 816 427 873 Ronzanus
448 825 517 871 erat
539 811 578 870 cle
597 813 738 893 principe
758 814 847 872 Titus
870 814 907 873 Si
928 835 989 873 non
1009 827 1188 894 praestaret
1211 814 1312 873 dicere
1333 834 1425 896 saepe

175 927 311 985 solen.r“.
358 921 424 989 Sat..
456 920 536 989 294:
582 924 643 998 „Si
675 925 766 982 iustis
798 925 891 984 solem
919 926 1061 985 dominus
1081 926 1267 1008 pluviasque
1289 925 1426 986 dedisset

177 1039 249 1097 Nec
270 1037 363 1095 darei
386 1038 526 1111 initiatio,
560 1056 640 1119 quae
653 1034 770 1111 ficerat
790 1036 937 1116 pietas?“
969 1071 1013 1082 -
1042 1033 1257 1100 indicativum
1286 1040 1319 1099 et
1351 1053 1426 1099 con·

173 1125 360 1210 iunciivuin
381 1144 562 1229 promiscue
584 1143 694 1226 posuit
716 1140 807 1212 vin.
829 1143 867 1208 4:
913 1148 1028 1232 „Quod
1057 1150 1134 1208 ηιιἹιι·
1164 1151 1194 1208 si
1216 1149 1312 1227 felix
1334 1148 1427 1208 bodie

170 1261 320 1339 fortuna
344 1259 491 1334 dedisset,
517 1261 587 1320 Non
611 1261 777 1320 inhonorus
800 1281 885 1318 eram
908 1261 964 1319 sed
982 1260 1076 1319 laude
1089 1262 1261 1345 redemptus
1277 1262 1426 1328 abirem“.

174 1369 222 1432 In
245 1368 368 1451 protasi
391 1367 586 1432 indicativus
609 1373 642 1433 et
664 1367 889 1434 coniunctivus
921 1368 954 1433 in
977 1369 1133 1452 apodosi,
1166 1369 1200 1435 id
1228 1370 1317 1455 quod
1346 1370 1425 1437 alibi

174 1480 382 1545 rarissimum
414 1484 477 1559 esi,
512 1477 632 1562 legitur
665 1478 709 1546 Π.
742 1482 800 1546 59:
845 1484 933 1558 „Sed
958 1486 988 1542 si
1017 1485 1055 1544 de
1085 1486 1174 1546 nobis
1195 1501 1273 1546 certe
1294 1501 1426 1547 cantare

172 1595 344 1678 placebat,
368 1593 525 1655 Iudicium
550 1594 687 1654 Paridis
709 1597 759 1654 oei
779 1608 919 1672 nostroe,
941 1611 1015 1656 nate
1022 1645 1031 1671 ,
1061 1599 1230 1680 triumphos
1253 1599 1426 1661 Cantarent

163 1705 305 1792 fluidae
332 1721 492 1790 carpentes
520 1728 618 1790 pensa
648 1707 798 1787 puellae“.
832 1739 870 1750 -
902 1704 1011 1770 Etiam
1043 1705 1077 1769 in
1100 1705 1226 1771 Orestis
1255 1699 1425 1791 tragoedia

175 1820 292 1880 exstat
322 1814 518 1904 indicativus
553 1815 587 1879 in
620 1816 790 1880 enuntiato
824 1814 1039 1881 condicionali
1077 1817 1209 1900 irroali,
1246 1817 1301 1883 ubi
1338 1817 1426 1903 leges

174 1927 413 2012 grammaticae
435 1927 677 1992 coniunctivum
695 1927 864 2011 postulant
886 1950 911 1999 v.
929 1928 1019 1994 955:
1043 1932 1139 2010 „fuit
1162 1946 1189 1992 a
1208 1933 1351 2016 perfecta
1371 1954 1425 2018 po·

175 2057 297 2116 reseas,
330 2042 367 2101 Si
389 2044 499 2102 veilent
518 2044 649 2125 pztnire,
681 2043 781 2105 deis“.
804 2077 848 2087 -
871 2039 919 2105 Do
941 2041 1072 2107 insolito
1102 2061 1164 2106 usn
1185 2046 1368 2126 temporum
1390 2042 1425 2106 in

176 2152 360 2217 enuntiatis
380 2149 659 2216 condicionalibus
681 2149 855 2216 irrealibus
879 2150 937 2220 cfr.
960 2174 994 2236 p.
1021 2157 1069 2219 10.

288 2377 363 2444 lic
398 2373 668 2444 enuntiatis
707 2374 1023 2446 concessivis.
1086 2377 1271 2474 particulae
1316 2383 1424 2459 „ricem

179 2489 380 2554 Dracontius
414 2508 647 2570 nonnunquam
680 2487 893 2553 indicativum
926 2486 1073 2568 addidit,
1111 2488 1145 2554 id
1181 2488 1268 2572 quod
1298 2489 1424 2574 primus

178 2599 339 2684 Apuleius
362 2599 494 2665 admisit
517 2598 589 2686 (cir.
606 2605 682 2669 mot.
704 2599 747 2667 11.
763 2601 820 2686 6.),
844 2604 961 2684 postca
984 2606 1094 2666 autem
1116 2600 1204 2666 haud
1227 2622 1338 2667 rarum
1361 2607 1427 2670 cst.

177 2715 209 2780 l.
234 2717 290 2776 20:
329 2717 420 2791 „ivos
443 2715 511 2773 licei
536 2715 583 2774 nii
604 2717 776 2780 valemus“.
822 2712 862 2777 ΙΙ.
886 2713 945 2778 972
981 2717 1043 2793 „Et
1067 2718 1137 2777 licet
1160 2717 1324 2777 invalidus
1345 2719 1422 2777 daec

174 2828 322 2913 pondera
338 2828 430 2904 serre
452 2827 613 2886 laborai“.
659 2823 700 2894 ΙῙ.
722 2826 804 2890 124:
837 2850 969 2906 „urnam
993 2831 1062 2889 iicet
1086 2833 1151 2912 ipse
1174 2830 1325 2890 tenebai“.
1369 2825 1427 2895 IX,

179 2940 265 3001 211:
289 2941 399 3015 „Licet
420 2941 495 2999 haec
518 2940 670 2998 rizortalia
686 2939 773 3017 fata
798 2940 837 3000 In
860 2963 891 2999 se
912 2942 1001 3001 nulla
1025 2945 1143 3001 timet“.
1180 2936 1273 3016 Quod
1296 2958 1369 3001 eum
1391 2937 1444 3032 in!

181 3048 310 3113 Orestis
338 3047 504 3132 tragoedia
527 3048 655 3114 omnino
689 3069 754 3114 non
784 3049 986 3128 inveniatur,
1024 3049 1161 3115 forsitan
1191 3054 1286 3132 putes
1315 3068 1355 3113 ea
1384 3045 1424 3113 de

181 3181 283 3226 causa
300 3160 423 3228 Orestis
446 3159 648 3244 tragoediam
670 3160 884 3226 aDracontio
907 3159 1123 3226 abiucandam
1146 3181 1226 3230 osse.
1246 3159 1309 3226 Sed
1335 3180 1422 3240 cavo,

180 3292 225 3337 ne
248 3293 344 3344 erres.
388 3273 472 3338 Nam
495 3276 648 3358 apparot,
686 3273 794 3339 omnia
820 3272 878 3339 illa
901 3272 1061 3355 carmina,
1096 3273 1270 3357 inquibus
1304 3277 1420 3353 „iicet“

173 3384 345 3469 particula
369 3405 441 3451 cum
464 3385 669 3473 coniunctivo
693 3383 867 3452 coniuncta
889 3392 958 3468 cst,
992 3408 1011 3452 a
1034 3387 1210 3454 Dracontio
1233 3384 1424 3450 adulescen-

176 3496 250 3561 tulo
288 3497 471 3580 conscripta
509 3518 590 3563 osso.
650 3496 688 3562 In
728 3513 841 3584 „rapta
873 3503 1029 3562 Helenae“
1053 3505 1161 3563 autom
1195 3503 1229 3563 et
1250 3498 1422 3578 „Medea“,

175 3627 263 3693 quac
286 3611 440 3690 carmina,
465 3629 538 3674 cum
561 3610 628 3674 iam
651 3607 854 3693 adolevisset,
878 3610 1070 3694 composuit,
1094 3609 1156 3674 hoo
1178 3608 1263 3674 idem
1286 3607 1386 3678 deest.
