3146 4810
793 302 813 365 3

180 497 301 562 Verum
325 516 365 559 ex
386 493 443 560 illo
466 491 607 558 maximo
630 492 778 560 locorum
800 513 935 558 numero
958 491 1040 558 haec
1062 496 1193 557 tantum
1216 491 1325 576 colligi
1346 513 1416 577 pos·

181 612 274 686 suut,
312 607 453 688 primum
485 610 637 670 auctores
670 609 883 688 utrorumque
922 605 1102 669 carminum
1140 603 1270 671 eosdem
1306 611 1421 689 poetas

180 719 349 784 adamasse
373 723 472 800 atque
494 719 641 783 imitatos
674 737 761 798 esse,
795 722 865 780 tum
899 716 1052 782 notitiam
1081 716 1234 784 habuisse
1257 723 1316 783 aut
1339 717 1421 782 Dra·

182 831 326 895 contium
350 829 475 894 Orestis
497 829 686 912 tragoediae
710 835 767 894 aut
791 829 917 894 Orestis
940 828 1130 912 tragoediae
1160 835 1327 896 auctorem
1351 849 1440 921 car-¹

179 943 303 1006 minum
328 941 515 1022 Dracontii,
551 940 690 1025 denique
713 947 889 1024 utrumque
912 947 1042 1024 poetam
1067 963 1131 1006 non
1154 941 1321 1007 dubitasse
1343 963 1424 1007 non·

180 1054 288 1119 nullas
310 1055 490 1118 sententias
512 1053 546 1118 iu
570 1052 767 1118 carminibus
790 1053 929 1134 iterare;
953 1056 1063 1120 omnia
1086 1076 1161 1120 vero
1177 1055 1259 1120 haec
1275 1056 1421 1122 carmina

180 1166 286 1231 eidem
307 1171 423 1250 poetae
446 1165 621 1231 tribuenda
645 1187 733 1247 esse,
764 1167 825 1231 hoc
848 1167 945 1232 modo
970 1188 1039 1230 cum
1064 1167 1258 1256 necessitate
1281 1166 1422 1251 quadam

180 1278 398 1343 demonstrari
421 1299 484 1343 non
508 1283 627 1361 potest.
674 1280 720 1343 Ac
750 1279 830 1342 mihi
852 1277 982 1361 quidem
1004 1301 1196 1362 persuasum
1219 1287 1285 1358 est,
1315 1281 1423 1366 ipsum

181 1391 414 1474 Rossbergium
436 1391 498 1456 hoc
521 1390 655 1472 vidisse,
688 1411 760 1455 cum
782 1393 1007 1475 promitteret,
1042 1394 1087 1476 (p.
1115 1397 1142 1459 l.
1167 1398 1200 1458 et
1223 1394 1284 1478 3.),
1314 1414 1363 1473 66,
1386 1397 1424 1457 ut

184 1525 275 1566 suam
297 1502 491 1568 sententiam
515 1509 608 1569 extra
630 1524 757 1569 omnem
779 1503 1017 1569 dubitationem
1040 1511 1193 1588 poneret,
1218 1504 1425 1588 quaestiones

185 1615 412 1680 instituturum
434 1635 504 1680 esse
527 1615 567 1680 de
587 1616 787 1694 elocutione,
819 1618 926 1700 qualis
957 1623 1043 1681 esset
1073 1619 1108 1683 in
1138 1618 1287 1700 utrisque
1309 1617 1425 1682 carmi-

181 1727 286 1794 nibus.
334 1727 437 1806 Quam
462 1749 535 1791 cum
558 1729 640 1794 miro
663 1729 759 1794 modo
784 1729 982 1794 concordare
1004 1729 1063 1794 illa
1086 1731 1232 1795 carmina
1254 1728 1424 1814 perlegens

183 1839 343 1920 viderem,
391 1846 559 1924 permotus
594 1862 682 1922 sum,
722 1848 758 1906 ut
796 1842 830 1906 in
866 1843 927 1906 hac
959 1844 1149 1926 quaestione
1188 1843 1425 1908 accuratiorem

182 1971 316 2034 operam
339 1973 501 2035 ponerem,
525 1959 625 2036 atque
648 1974 687 2018 ex
709 1975 747 2018 ea
770 1954 842 2018 luce
867 1955 987 2019 clarius
1005 1955 1231 2038 appariturum
1247 1974 1317 2020 esse
1333 1958 1423 2037 puto,

182 2063 308 2128 Orestis
331 2065 534 2147 tragoediam
558 2087 578 2130 a
601 2066 778 2131 Dracontio
798 2088 861 2130 non
886 2088 955 2131 esse
979 2067 1241 2132 abiudicandam
1266 2066 1421 2132 Ordinem

181 2175 277 2240 huius
302 2178 584 2242 commentationis
607 2179 735 2244 institui
759 2187 888 2242 secutus
910 2180 1072 2262 syntaxim
1087 2179 1278 2244 historicam
1294 2179 1424 2261 linguae

183 2286 306 2350 latinae
329 2288 537 2372 aDraegero
562 2291 789 2373 conscriptam.
812 2291 850 2353 In
876 2289 1015 2354 citandis
1040 2289 1146 2354 Orest.
1171 2297 1254 2373 trag.
1278 2289 1424 2355 versibus

187 2418 264 2463 usus
286 2419 356 2463 sum
378 2400 521 2467 editione
545 2423 565 2466 a
587 2402 723 2487 Peipero
745 2408 874 2486 parata.

374 2609 452 2664 Drac
471 2610 509 2663 Vl
536 2611 584 2666 b'l:
601 2609 681 2664 Justa
699 2608 815 2662 libido
834 2608 920 2676 coit,

408 2743 423 2771 „
465 2705 499 2758 X.
518 2703 582 2759 264:
601 2703 706 2758 Blanda
724 2704 834 2758 libido
853 2703 930 2772 coit,

410 2839 424 2866 „
461 2799 533 2854 Vlll.
553 2800 584 2854 8:
603 2800 663 2866 Quo
682 2799 845 2853 membratur
871 2800 964 2864 homo,
993 2807 1070 2868 pater
1099 2799 1257 2867 estibus,
1286 2805 1421 2868 auctor,

597 2896 701 2964 origo.

405 3030 419 3058 „
461 2991 494 3046 X.
515 2991 727 3060 1111166161,
748 2998 854 3058 natura,
874 3007 969 3060 genus,
989 2992 1079 3059 lons,
1098 2999 1231 3059 auctor,
1251 2992 1358 3060 origo.

405 3087 501 3154 „Vlll
514 3089 575 3140 1411
594 3087 741 3142 Funeris
760 3087 926 3140 Hectorei
944 3088 1034 3156 pretio
1055 3087 1155 3141 maiore
1174 3085 1352 3156 redemptum.

405 3221 419 3250 „
458 3183 505 3237 IX.
525 3182 574 3240 44:
592 3183 740 3238 Funeris
761 3182 932 3262 Hectorei
949 3196 1064 3250 poscens
1083 3195 1222 3249 exsangue
1240 3180 1364 3236 cadaver.

404 3278 575 3345 „Vlllblbz
592 3278 671 3332 Tunc
689 3285 768 3346 pater
781 3278 886 3331 absenti
905 3279 1069 3331 tumulum
1088 3274 1260 3331 iormabst
1277 3276 1412 3330 inanem

404 3412 418 3440 „
460 3373 507 3427 lx.
526 3375 574 3427 91:
592 3372 782 3427 Andromache
801 3373 962 3426 tumulum
982 3372 1050 3426 sibi
1068 3372 1195 3426 formet
1212 3371 1359 3430 inanem.

369 3521 414 3576 Or.
432 3526 501 3590 trag.
523 3523 585 3577 190:
620 3521 689 3576 Nec
710 3521 812 3574 labor
839 3520 937 3573 ullus
961 3520 1030 3572 erit
1058 3519 1230 3572 victorem
1258 3523 1419 3573 sternere

624 3616 704 3670 ferro.

386 3752 401 3781 ,,
456 3752 471 3781 ,,
524 3713 588 3766 sol:
623 3704 1230 3766 116611116111111611111111616111
1256 3714 1419 3764 sternere

598 3789 741 3876 turpem.

385 3943 400 3972 „
454 3943 469 3971 „
523 3903 590 3958 238:
625 3900 911 3956 Mortemaritali
929 3899 1047 3953 tunicam
1066 3897 1182 3952 subnixa
1201 3897 1315 3953 ferebat.

386 4038 401 4068 „
456 4038 471 4067 ,,
523 3999 588 4054 540:
623 3999 735 4054 Morte
753 3995 906 4052 maritali
925 3995 1083 4049 sceleratam
1102 3994 1161 4047 iure
1178 3992 1298 4049 necabis.
