3146 4810
775 245 819 316 3‘4

177 441 266 502 dedis
292 441 465 503 Vulcanius
488 442 598 503 ensis“.
641 440 681 506 X.
706 444 764 510 46:
808 445 876 521 „Ut
896 458 1036 520 nossent,
1072 446 1150 528 qnid
1177 447 1292 527 puppis
1316 447 1422 510 erat“,

175 547 218 618 X.
241 551 319 615 357:
358 567 554 630 „monstrare
578 553 723 634 Pelasgis
752 556 839 639 Quid
865 557 984 615 canitia
1007 557 1086 639 qzeid
1105 554 1190 631 ‚fater
1214 557 1353 616 ·s·nlera“.
1384 593 1419 600 --

176 661 394 730 Indicetirum
416 667 450 728 a
472 661 711 728 ooniuuotivum
733 663 915 747 promiscue
939 664 1049 747 posuit
1077 663 1128 728 his
1149 665 1247 730 locis:
1294 663 1331 732 V.
1358 668 1422 729 86:

176 776 361 860 „fortisque
390 779 422 836 in
449 797 585 859 paupere
615 778 705 836 dives
728 779 815 863 Quid
844 780 928 838 timet
958 792 1013 837 ant
1045 792 1125 861 optet
1148 800 1204 839 vos
1227 782 1336 838 saltem
1361 781 1423 838 nd·

176 891 287 950 vertite
308 889 423 950 oives“.
453 885 496 952 X.
520 886 599 951 536:
626 891 763 969 „Ignari
785 912 865 973 qaae
886 905 986 949 nonar
1009 904 1077 949 erat
1099 890 1177 973 quaid
1199 912 1299 948 saeva
1319 912 1422 973 para-

174 1005 252 1062 rn“.
310 995 383 1084 (eir.
413 997 510 1082 Prop.
541 996 602 1067 III.
630 1001 660 1068 8.
690 999 740 1068 29,
790 996 844 1069 IV,
873 1001 902 1064 4.
935 997 1011 1085 25).
1072 997 1200 1088 Orestis
1230 999 1420 1081 tragoediae

175 1109 322 1194 exempla
343 1107 425 1174 haec
447 1113 541 1174 sunt:
564 1130 594 1177 v.
620 1112 677 1178 71:
702 1115 783 1190 „Dic
807 1115 905 1193 igitur
928 1135 991 1194 qua
1014 1127 1095 1173 sorte
1117 1117 1253 1173 rorarios-‘fi
1284 1132 1311 1175 V.
1336 1111 1420 1176 350:

175 1229 257 1304 „Dic
271 1225 358 1301 mihi,
373 1226 479 1299 Musa,
492 1245 612 1307 precor,
628 1245 692 1308 qna
708 1245 760 1308 spe
777 1239 919 1285 rnaterna
935 1246 1069 1284 noverca
1081 1229 1234 1309 Quaerere
1248 1226 1420 1305 neglexit“.

174 1356 201 1405 v.
223 1334 302 1398 875:
329 1336 469 1414 „Hostia
492 1335 555 1412 dic,
579 1339 649 1418 qais
673 1357 755 1412 cras,
779 1349 903 1396 auteur
918 1341 1152 1417 Agamemnona
1168 1337 1321 1399 elarnas“.
1346 1332 1421 1418 (cfr.

174 1466 203 1515 v.
224 1444 305 1510 557:
329 1448 413 1525 „Dic
434 1448 511 1505 midi
525 1447 658 1525 frater,
682 1449 750 1523 ait,
773 1448 827 1507 dic
849 1450 916 1508 iam
937 1448 1041 1524 modo,
1064 1448 1143 1532 qaid
1164 1451 1207 1508 sit
1230 1451 1421 1528 agendam“‚

173 1558 232 1621 ubi
253 1554 477 1622 coniunctivae
499 1554 657 1642 agitne).

275 1745 353 1814 lle
376 1743 649 1815 enuntiatis
671 1745 1036 1831 temporalibus.
1081 1747 1152 1811 Hos¹
1182 1747 1252 1811 loco
1281 1767 1420 1812 comme-

173 1854 368 1922 morandum
392 1860 457 1939 est,
493 1854 706 1922 Dracontium
732 1856 914 1942 particulae
937 1863 1062 1939 ,anns‘t
1100 1859 1158 1922 ubi
1179 1863 1326 1943 tempus,
1358 1880 1421 1942 per

173 1967 261 2050 quod
283 1967 363 2051 quid
386 1966 564 2048 duraverit,
588 1967 801 2052 significetur,
825 1969 925 2035 semel
948 1971 1188 2037 coniunctivuui
1209 1969 1418 2036 adiunxisse:

175 2079 212 2148 V.
237 2081 296 2146 12:
341 2083 437 2160 „Iam
458 2105 518 2142 non
538 2104 599 2166 pro
618 2086 733 2165 patria
754 2088 808 2144 vir
821 2087 928 2164 fortis
949 2086 1031 2145 bella
1061 2085 1203 2166 gerebat,
1240 2087 1419 2164 Defendens

172 2195 297 2256 ambone
318 2196 403 2256 latas
423 2215 480 2277 per
497 2196 624 2278 proelia
646 2198 762 2256 cristas
786 2201 865 2257 Dum
888 2211 1027 2280 quateret
1049 2199 1194 2278 galeatus
1210 2199 1329 2282 ape.n“.
1353 2196 1419 2260 Hic

171 2325 250 2370 usus
272 2309 380 2370 exstat
402 2305 501 2370 etiem
524 2304 613 2390 opud
635 2304 731 2390 Verg.
755 2308 833 2374 Aen.
856 2307 899 2375 X.
923 2308 995 2374 799.
1017 2305 1059 2373 id.
1084 2305 1124 2374 G.
1158 2307 1215 2372 lv.
1238 2307 1314 2374 457.
1345 2305 1418 2376 Tib.

172 2417 264 2488 11³.
288 2417 340 2484 23.
361 2452 406 2464 —
428 2416 477 2483 Ne
500 2417 662 2504 pedestris
684 2419 843 2484 sermonis
866 2417 996 2502 quidem
1020 2418 1212 2502 scriptores,
1250 2418 1359 2484 Livius
1383 2425 1420 2484 et

172 2527 320 2594 Valerius
331 2527 502 2612 Maximus,
526 2531 658 2599 omnino
681 2529 723 2596 ab
746 2551 784 2596 eo
808 2530 1060 2610 abhorruerunt,
1084 2529 1157 2618 (cfr.
1173 2529 1241 2595 Liv.
1267 2530 1291 2597 1.
1314 2530 1366 2600 40.
1384 2531 1417 2599 7.

172 2638 244 2709 vu.
264 2639 350 2705 Max.
374 2640 476 2710 111.3.
493 2641 534 2726 2.)
559 2679 600 2689 -
623 2641 674 2706 Ex
693 2642 820 2708 Orestis
842 2641 1013 2726 tragoedia
1035 2639 1099 2706 huo
1121 2643 1287 2727 pertinent
1308 2665 1338 2709 v.
1354 2647 1417 2708 49:

170 2754 265 2832 „dum
277 2754 383 2832 ferret
405 2777 512 2814 nanus
535 2757 583 2815 ad
604 2779 708 2844 aram,
746 2759 843 2819 Vidit
865 2759 1065 2842 Iphigeniam
1087 2758 1226 2817 turibula
1248 2780 1343 2818 saera
1359 2759 1417 2836 fe-

170 2868 312 2927 rentem“.
357 2885 386 2931 v.
408 2864 490 2929 453:
536 2872 638 2947 „Dum
664 2885 809 2950 regnaret
840 2873 920 2931 iners
945 2872 1122 2931 Parcarum
1152 2873 1280 2931 crimine
1299 2886 1419 2954 pastor

171 2979 212 3038 Et
233 2980 326 3039 simul
347 2981 470 3040 inlicito
492 3005 554 3041 sese
568 2982 753 3060 fruerentur
775 3005 882 3043 amore
904 2984 978 3045 etc.“

274 3167 351 3236 ne
385 3167 656 3239 enuntiatis
691 3169 973 3240 causalibus
992 3190 1113 3254 panon
1141 3176 1268 3236 tantum
1295 3189 1419 3240 momo-

170 3275 276 3344 rends
298 3284 382 3349 sunt.
416 3279 588 3346 Nonnullis
612 3282 698 3347 onim
721 3281 801 3348 loois
826 3282 1024 3349 Dracontius
1048 3283 1266 3350 coniunctioni
1289 3289 1418 3368 „quod“

170 3387 323 3455 licentius
347 3390 586 3458 ooniunotivum
608 3393 767 3476 adiunxit,
790 3394 879 3461 velut
893 3395 950 3462 lx.
968 3397 1048 3462 136:
1072 3399 1239 3476 „Nominis
1255 3401 1417 3460 irsoidiam

171 3508 268 3564 vestri
299 3527 356 3589 per
376 3504 518 3591 flumina
548 3532 654 3570 manes
684 3512 870 3591 Exagitant
900 3534 958 3572 sua
986 3513 1059 3571 iura
1089 3533 1179 3591 neges
1208 3512 1293 3592 qaod
1319 3528 1419 3574 morte

169 3618 365 3702 peremptis“.
411 3616 453 3683 X.
485 3617 566 3683 368:
605 3623 782 3698 ‚darcdatar
812 3624 929 3701 Iason,
965 3623 1057 3711 Quod
1070 3624 1184 3702 freta,
1207 3625 1292 3708 qnod
1313 3640 1418 3686 terras

172 3730 216 3789 sic
230 3730 326 3808 felin
346 3731 470 3814 praedo
491 3735 655 3813 aagetnr“.
679 3770 722 3780 —
746 3731 872 3798 Orestis
893 3733 1063 3818 tragoedia
1088 3738 1211 3822 ,quosl‘
1245 3757 1318 3803 oum
1340 3757 1418 3803 con·

171 3837 314 3904 iunetivo
331 3842 549 3924 coniunctum,
571 3841 627 3908 ubi
640 3842 836 3910 indicativus
852 3851 1072 3931 exspectetur,
1095 3846 1146 3912 his
1168 3847 1249 3915 locis
1265 3849 1416 3917 exhibet:

172 3971 200 4018 v.
224 3949 305 4016 380:
336 3957 539 4031 „Muneribus
561 3959 735 4018 cnnnslatnr
759 3982 859 4044 opum,
883 3962 968 4046 qaod
988 3964 1115 4044 gaudia
1130 3963 1236 4043 ferret
1259 3968 1417 4029 Mentibus

173 4066 327 4130 incestis“.
371 4086 401 4131 v.
431 4066 511 4135 777:
556 4071 752 4154 „Expectare
773 4075 855 4134 vices
876 4089 954 4135 nato
975 4076 1151 4138 redhibente
1171 4083 1298 4161 parenti
1322 4081 1418 4168 Quod

172 4179 292 4255 genitas
307 4179 447 4258 snerit“.

243 4319 245 4324 Ι
278 4357 355 4428 De
383 4361 653 4434 enuntietis
682 4364 1116 4446 eondlolonslibuse
1166 4372 1207 4440 In
1236 4375 1416 4443 enuntiatis
