3146 4810
745 295 785 361 15

662 385 867 394 -——-.——

143 517 174 552 se
196 492 362 552 subducere
382 506 504 574 possent
529 494 591 550 siut
615 494 713 550 armis
736 491 876 569 conferre
897 489 1036 551 manus“.
1081 482 1152 569 (cfr.
1174 482 1239 554 Cic.
1262 481 1322 552 div.
1345 482 1386 551 II.

143 602 195 671 55.
218 600 290 664 114.
316 598 374 665 Or.
395 604 469 664 met.
495 599 531 668 V.
555 599 639 686 242.)
664 605 762 682 atque
784 607 859 683 post
882 600 1014 662 verbum
1037 595 1173 680 simplex
1195 598 1385 682 ‚,rapiemii“

143 737 174 785 v.
195 715 252 782 83:
276 719 341 793 „sic
362 718 475 798 rapior
498 717 637 778 cultris“.
664 712 734 799 (cfr.
756 735 783 781 v.
806 713 892 794 742.)

249 824 346 890 Haud
369 845 445 890 raro
470 825 665 890 Dracontius
687 825 797 891 dativo
821 847 898 890 usus
930 831 979 888 est
1008 823 1096 908 apud
1119 820 1218 888 verba
1239 821 1388 888 movendi

144 939 187 1006 ad
209 941 318 1004 locum
342 936 605 1021 significandum,
629 939 661 1002 in
685 959 780 1022 quom
804 938 890 1002 actio
914 935 1003 1003 verbi
1025 936 1184 1014 refertur,
1214 957 1274 1020 pro
1297 957 1389 1020 prae-

141 1049 360 1139 positionibus
384 1055 456 1130 ,,ιή“
481 1051 546 1115 sive
570 1055 656 1131 „affl‘
681 1072 760 1134 sequ
794 1071 909 1130 accus..
931 1050 1019 1114 velut
1036 1048 1073 1119 V.
1091 1049 1149 1119 37:
1173 1073 1304 1135 ..eampo
1316 1074 1387 1136 pro-

143 1169 251 1234 deat“.
284 1163 322 1233 V.
342 1165 423 1227 217:
448 1169 544 1244 „Cum
568 1170 775 1228 Romanorum
799 1168 904 1226 Gallis
927 1167 1053 1226 uexilla
1076 1166 1225 1230 tulisset“.
1248 1163 1286 1233 V,
1309 1162 1389 1232 278:

143 1283 208 1359 „Et
231 1294 342 1340 mortes
364 1279 539 1356 transferre
553 1281 664 1358 foro“.
697 1277 771 1340 VII·
792 1280 851 1341 87:
875 1279 1084 1362 „stabulisque
1106 1278 1269 1355 refertur“.
1299 1273 1389 1344 VIII.

145 1391 228 1459 432:
260 1414 359 1470 ..rnna
379 1406 491 1474 pastor
514 1395 619 1452 arenis
643 1394 816 1455 Eas·iiuit“.
853 1389 910 1459 IX.
932 1390 990 1458 66:
1022 1390 1204 1474 „Puppibus
1228 1393 1387 1471 Argolicis

153 1508 309 1585 Phrygios
332 1508 401 1590 qrcis
424 1506 541 1584 diriget
565 1507 693 1586 igues“.)
736 1503 774 1567 Χ.
797 1503 857 1568 40:
890 1504 1074 1582 „Barbarus
1098 1505 1212 1583 ignara
1233 1505 1301 1583 regi
1324 1504 1390 1563 iam

150 1621 271 1678 nuntius
294 1621 391 1682 itar‘.
419 1614 457 1684 X.
480 1616 560 1680 237:
585 1620 749 1698 „gladium
764 1620 902 1678 destrae
916 1616 1087 1676 revocabat
1104 1616 1225 1681 inerti“,
1254 1611 1297 1676 X.
1314 1614 1390 1684 515:

149 1735 270 1815 „capiti
289 1732 371 1810 sera
396 1745 479 1790 serta
503 1732 617 1797 torar‘,
646 1765 687 1776 -
715 1726 824 1792 Etiam
848 1727 972 1791 Orestis
994 1724 1182 1808 tragoediae
1205 1729 1319 1791 auctor
1340 1729 1391 1790 ta·

147 1842 211 1906 lem
234 1840 379 1906 dativum
403 1839 585 1909 adamavit:
607 1862 633 1910 v.
657 1839 735 1903 157:
761 1845 911 1919 „Maesta
934 1843 1026 1902 donia
1048 1843 1142 1925 quasi
1165 1842 1252 1900 laeta
1275 1840 1389 1901 redit“.

148 1975 177 2023 v.
200 1955 279 2020 242:
314 1957 470 2034 „reserens
492 1958 771 2023 caeto-coronam.
815 1974 842 2023 v.
864 1953 944 2021 245:
977 1957 1145 2036 „Pignora
1166 1969 1301 2014 naturae
1322 1977 1391 2015 con-

149 2082 271 2128 currunt
294 2069 402 2130 dulcia
423 2070 542 2152 patri“.
585 2088 612 2135 v.
638 2069 719 2133 363:
758 2067 931 2153 „fluctibus
962 2069 1092 2135 intrat“,
1132 2086 1159 2131 v.
1182 2065 1262 2131 386:
1298 2070 1391 2145 „Non

146 2204 274 2241 mersere
300 2185 395 2245 neci“.
421 2177 491 2261 (cfr.
506 2179 585 2245 Hor.
602 2199 701 2245 carm.
722 2178 781 2247 III.
799 2183 845 2248 ld,
863 2181 919 2246 13:
942 2181 1070 2259 ..domus
1085 2182 1225 2241 demersa
1242 2176 1392 2262 exiliffl).

149 2312 181 2356 v.
203 2291 287 2358 413:
310 2299 374 2370 „Ac
394 2293 536 2354 domibus
557 2316 693 2353 remeare
715 2294 809 2357 suis“.
854 2311 880 2360 v,
902 2291 983 2359 456:
1012 2294 1110 2372 „Ibat
1132 2295 1260 2353 alumna
1282 2315 1392 2353 manus

152 2407 303 2473 tumulis“,
347 2425 372 2473 v.
392 2407 472 2474 506:
507 2409 577 2486 „cai
605 2409 707 2466 uictor
741 2428 826 2466 eram
856 2428 1007 2487 regressus
1037 2407 1077 2465 ab
1099 2406 1214 2467 hoste“.
1259 2423 1287 2472 v.
1308 2402 1391 2472 516:

150 2520 271 2598 „Venit
298 2522 464 2581 Athenaeis
501 2541 579 2580 mox
609 2520 762 2581 sedibus“.
814 2538 841 2585 v.
872 2516 952 2582 ¹154:
992 2521 1099 2597 „Mox
1136 2517 1262 2576 redeunt
1284 2519 1393 2577 animo

151 2632 314 2713 Phrygiae
339 2635 516 2715 praesagia
547 2635 672 2695 sortis“.
717 2651 748 2698 v.
779 2631 860 2696 88⁷:
897 2633 965 2710 „Ut
985 2633 1115 2715 patriae
1145 2630 1264 2700 rediere
1286 2631 1391 2716 suae“‚

146 2761 212 2824 quo
235 2742 307 2807 loco
329 2740 443 2806 Haasfi
466 2743 653 2808 coniectura
676 2743 743 2808 sine
765 2742 865 2808 dubio
888 2762 965 2808 vora
988 2746 1047 2810 est.
1094 2763 1122 2812 v.
1144 2741 1226 2807 957:
1264 2744 1393 2828 „Sitque

145 2857 253 2917 redux
272 2860 433 2940 patriae&
453 2894 497 2908 -
518 2856 557 2920 In
580 2854 765 2922 nominibus
787 2857 927 2937 urbium,
961 2854 1047 2941 quod
1070 2855 1104 2920 in
1127 2855 1201 2920 aliis
1225 2852 1393 2921 Dracontii

148 2965 346 3032 carminibus
370 2966 586 3051 desideratur,
610 2968 739 3034 dativus
754 2989 815 3053 pro
832 2969 1018 3035 accusativo
1034 2969 1155 3052 legitur
1175 2990 1206 3038 v.
1225 2969 1287 3032 46:
1311 2970 1394 3048 „Im-

146 3096 243 3165 perat
273 3083 433 3143 indomitis
463 3085 620 3166 praedam
651 3087 777 3168 praeire
817 3085 990 3162 Mycenis-“.
1042 3102 1069 3148 v.
1107 3083 1187 3146 287:
1226 3083 1394 3162 „adduxit

151 3195 310 3256 Athenis“.
355 3216 384 3263 v.
405 3197 487 3261 889:
510 3199 640 3275 „mediis
664 3199 798 3259 induxit
820 3199 977 3260 Athenis“.

260 3305 396 3372 Dativus
417 3328 477 3391 pro
500 3309 743 3392 praepositione
766 3314 829 3391 „a“
854 3329 942 3393 sequ.
969 3306 1032 3378 abI
1054 3327 1075 3372 a
1098 3307 1274 3373 Dracontio
1296 3305 1394 3373 verbo

148 3416 280 3501 passivo
303 3417 510 3504 subiungitur
532 3419 574 3485 ad
597 3441 768 3505 porsonam
791 3427 942 3506 agentem
965 3418 1210 3506 significandam
1231 3419 1282 3485 his
1298 3419 1395 3491 locis:

149 3533 192 3597 V.
215 3533 273 3599 84:
314 3539 486 3614 „conicitur
507 3539 671 3622 cuicunque
693 3537 801 3598 Iron0“.
847 3533 935 3602 VIII.
965 3535 1023 3603 59:
1061 3539 1152 3623 „quis
1173 3539 1284 3596 semita
1306 3538 1395 3596 nulla

150 3649 297 3708 tenetur“.
335 3645 423 3715 VIII.
447 3648 526 3716 137:
550 3653 625 3729 „uni
643 3653 703 3734 pia
725 3665 825 3711 mater
847 3651 1002 3712 daberis“.
1040 3645 1129 3738 VIII.
1154 3647 1233 3716 146:
1255 3651 1395 3728 „Astya-

149 3781 225 3820 nax
247 3765 376 3822 Danais
398 3766 539 3823 iactatur
560 3786 647 3825 muro
668 3765 709 3825 ab
734 3766 831 3827 alto“.
877 3761 964 3834 VIII.
987 3763 1067 3831 296:
1105 3764 1251 3843 „ducum‚
1285 3764 1395 3850 quibus

152 3873 234 3934 Ilios
266 3877 371 3956 ingens
397 3877 495 3938 Victa
526 3878 637 3938 iacet“.
683 3873 877 3942 Coniectura
898 3880 1012 3942 natum
1035 3879 1084 3941 est
1110 3873 1147 3946 Χ,
1169 3876 1250 3946 250:
1287 3879 1395 3958 „domi

151 3988 211 4047 tibi
238 3991 352 4072 pignus
383 3991 541 4052 habetur“.
587 3987 676 4056 VIII.
709 3991 767 4055 87:
805 3994 866 4071 „Et
892 3994 1017 4052 nuribus
1045 3995 1199 4053 comitata
1229 3996 1314 4053 venit
1333 3995 1394 4076 pia

153 4116 231 4162 nota
254 4105 469 4184 ministr-anst
503 4141 547 4152 --
582 4102 680 4168 Cuius
710 4102 759 4169 rei
783 4101 907 4168 Orestis
937 4101 1107 4187 tragoedia
1128 4101 1190 4170 hoc
1213 4102 1394 4188 exemplum

155 4210 301 4279 exhibet:
323 4236 352 4281 v.
375 4217 457 4285 594:
480 4223 574 4305 „Qua
596 4222 733 4280 meminit
755 4220 904 4303 carpebat
928 4221 985 4278 iter
1007 4221 1173 4281 comitatus
1195 4221 1327 4282 amico“.

259 4328 368 4395 Dativi
392 4329 552 4397 commodi
581 4331 738 4397 nonnulla
768 4333 897 4396 tantum
922 4330 1070 4416 exempla
1091 4335 1272 4396 memoratu
1294 4329 1393 4413 digna

153 4439 289 4507 afferam
313 4463 386 4508 cum
408 4450 459 4510 tot
481 4445 569 4529 apud
591 4446 803 4512 Dracontium
825 4447 1049 4525 inveniantur,
1076 4451 1113 4510 ut
1134 4444 1243 4509 omnia
1265 4463 1392 4510 enume-
