3146 4810
771 191 813 256 30

172 380 244 450 VII.
276 382 334 445 lo:
381 384 592 465 ,Vulgarem,
625 386 702 468 quia
725 387 788 444 teta
810 386 922 465 gerit“.
967 381 1026 451 ΙΧ.
1052 381 1130 445 111:
1173 387 1264 462 „Non
1294 385 1409 461 docuit,

172 499 249 580 quia
271 509 405 555 maestus
428 496 516 572 odor,
539 499 615 580 quia
635 512 725 580 putre
745 498 888 557 cadauer
908 499 994 556 Aera
1009 532 1053 542 -
1067 497 1251 577 gravabit“.
1273 493 1314 563 X.
1330 494 1409 560 346:
1528 521 1529 564 ζ

175 611 331 689 „Agnooi‚
354 610 431 692 qreia
445 608 546 686 furta
565 629 680 690 paras,
703 611 780 694 quia
802 623 897 670 rnertte
910 608 1032 690 fugaci
1055 609 1235 688 Infaustam
1259 591 1409 686 quodcun-

172 745 228 807 que
257 724 375 805 cupis“.
416 719 456 784 X.
485 717 564 785 350:
604 723 665 796 „Et
687 737 719 782 tu
744 724 888 784 Medeam
915 722 1017 782 eredis
1047 724 1124 805 quia
1139 721 1243 799 fallis
1266 723 1407 782 Iason?‘

171 830 228 901 IV.
261 834 320 897 lo:
358 835 522 912 „Paenitet
544 869 584 878 —
608 835 751 895 Alcidem
773 837 849 918 quia
873 836 973 893 nuilus
995 836 1090 894 honos
1113 848 1141 893 et
1162 836 1247 894 mille
1266 835 1406 917 pericla“
1530 867 1531 880 2

173 943 244 1030 (sol.
267 944 330 1028 ipsi
354 942 455 1030 sunt).
501 942 624 1009 Eadem
653 943 850 1008 constructio
880 944 914 1007 in
938 942 1063 1008 Orestis
1094 941 1264 1026 tragoedia
1284 941 1336 1007 bis
1360 964 1410 1007 ex·

171 1060 238 1121 stat
261 1054 335 1142 (cir.
359 1054 507 1135 Schenkl.
530 1077 563 1140 p.
587 1055 653 1142 te.)
676 1054 727 1120 his
750 1055 847 1122 locis:
871 1076 901 1121 v.
920 1055 1000 1120 oto:
1029 1057 1313 1136 „Indicatoccuue
1334 1079 1409 1140 pau-

171 1173 227 1247 cis,
250 1173 327 1256 quia
349 1174 434 1232 uiuit
459 1173 610 1232 Orestes“.
656 1190 685 1234 v.
710 1171 789 1232 760:
822 1172 969 1248 „Mixtus
991 1184 1114 1254 uterque
1134 1192 1225 1231 eruor
1247 1171 1410 1230 testabitur

173 1285 309 1344 omnibus
331 1283 457 1359 umbris,
482 1285 643 1346 Consortes
664 1284 806 1343 scelerum
829 1285 904 1366 qaetia
928 1304 996 1342 sors
1017 1296 1121 1342 manet
1141 1305 1204 1342 una
1227 1284 1409 1343 malorum“.

171 1393 235 1458 Hic
257 1413 335 1459 usus
358 1393 440 1458 eiius
461 1414 526 1459 non
547 1393 711 1477 reperitur
733 1393 796 1458 nisi
820 1391 909 1477 apud
930 1391 1107 1476 scriptores
1130 1390 1378 1458 ecclesiasticos.

278 1505 360 1571 Aliis
383 1505 463 1571 Iocis
493 1526 553 1590 pro
576 1493 762 1571 cccusitivo
793 1525 865 1569 cum
887 1503 1047 1569 infinitivo
1074 1507 1192 1591 „quod‘
1218 1523 1291 1568 cum
1314 1503 1411 1570 verbo

172 1615 264 1683 finito
297 1617 504 1683 coniunctum
535 1619 691 1700 scriptum
723 1616 884 1700 videmus5
924 1622 1023 1700 etque
1055 1616 1251 1681 indicativus
1282 1614 1411 1698 quidem

172 1734 279 1794 exstat
311 1727 380 1796 Sat.
412 1730 471 1793 18:
521 1733 607 1810 „Hoc
638 1747 693 1792 tua
716 1733 814 1792 verba
833 1731 969 1815 probant
994 1734 1101 1792 Museo
1124 1731 1213 1790 dieta
1234 1732 1411 1814 prophetae,

173 1844 266 1930 Quod
287 1844 457 1903 duraturus
478 1866 532 1904 cor
556 1845 738 1905 Pharaonis
762 1846 864 1909 eras“.
884 1878 925 1890 -·
943 1840 1173 1907 Coniunctivus
1189 1840 1310 1925 legitur
1325 1839 1411 1909 VIII.

174 1955 252 2018 594:
302 1958 374 2034 „troc
397 1970 517 2015 tautum
538 1979 626 2016 nosse
639 1958 780 2034 fatetur,
805 1957 898 2042 Quod
917 1959 1027 2041 pelagi
1048 1957 1153 2016 rabies
1176 1957 1321 2017 subverso
1342 1978 1410 2036 gur·

171 2072 236 2150 gite
253 2071 345 2152 ponti
367 2069 527 2153 Sparserit
549 2070 674 2131 Iliacas
697 2072 729 2128 iu
752 2083 928 2152 tempestate
948 2071 1109 2131 carinas(
1133 2065 1172 2132 X.
1195 2065 1276 2132 353:
1303 2069 1411 2146 „Aeso-

138 2158 140 2160 .
171 2182 326 2242 uides-
350 2181 536 2242 indicat-
560 2196 691 2265 tempore
722 2196 811 2242 tanto
835 2182 928 2269 Quod
958 2184 1059 2242 lateat
1081 2184 1181 2242 socios
1204 2183 1258 2265 qui
1280 2183 1346 2240 iam
1369 2182 1412 2240 sie

172 2308 285 2376 regnat
307 2295 456 2360 amicus“.
500 2291 745 2358 Substantivum
778 2294 918 2373 „sama“
953 2289 1160 2373 subsequitur
1192 2293 1315 2377 „quod‘
1341 2309 1412 2355 oum

174 2401 349 2469 indicativo
372 2403 581 2469 coniunctum
611 2402 701 2471 VIII.
728 2407 807 2468 117:
851 2409 976 2486 „Fama
1000 2408 1090 2466 uolat
1110 2407 1303 2489 pertempta
1327 2405 1411 2464 deum

173 2519 258 2604 quod
276 2533 390 2602 pastor
411 2520 452 2579 ab
481 2521 548 2580 Ida
572 2521 611 2580 Se
632 2522 714 2580 uelut
737 2520 870 2580 ostendit
892 2521 981 2600 regni
1004 2518 1042 2578 de
1064 2521 1161 2602 stirpe
1182 2519 1349 2581 ereatum“.
1371 2549 1412 2560 -

173 2625 287 2709 Neque
310 2626 434 2693 Orestis
467 2627 657 2712 tragoediae
690 2613 857 2695 auctorem
887 2650 908 2694 a
938 2627 998 2694 teli
1030 2627 1269 2694 constructione
1299 2625 1412 2692 abhor-

173 2738 288 2819 ruisse,
312 2738 469 2822 exemplc‚
494 2739 665 2822 queniam
689 2738 833 2822 efferum,
857 2739 1030 2808 docebunt.
1065 2739 1238 2805 Indicetivi
1258 2738 1340 2804 hnec
1362 2759 1412 2804 ex·

174 2855 265 2916 stant
289 2850 451 2936 exempla:
486 2856 515 2918 v.
540 2852 619 2916 355:
653 2856 843 2931 „Consilium
864 2856 1006 2916 mendax
1029 2857 1148 2915 sollerti
1167 2831 1287 2938 pectore
1309 2857 1412 2914 sumsit

174 2968 328 3046 Fingere,
367 2966 451 3051 quod
485 2968 617 3049 pelagus
655 2967 803 3028 rabidum
836 2970 980 3028 demersit
1013 2969 1180 3028 Atridas“.
1245 2961 1412 3030 (lodicibus

174 3094 292 3162 perum
314 3081 404 3143 certo
428 3075 570 3142 traditus
599 3082 650 3143 cst
686 3097 796 3143 versus
818 3078 896 3145 870:
936 3081 1055 3159 „Vidit
1077 3096 1128 3159 ut,
1166 3094 1312 3141 armatur
1334 3077 1414 3164 quod

165 3189 262 3268 ferro
284 3213 366 3252 more
387 3191 564 3252 sacerdos“.
613 3185 843 3255 Coniunctirus
874 3191 1035 3274 reperitur
1065 3211 1094 3260 s.
1129 3189 1204 3260 129:
1252 3191 1414 3271 „Credidit

175 3324 346 3388 aequoreas
369 3304 454 3388 quod
474 3324 536 3364 rex
558 3304 600 3365 sit
622 3327 737 3364 mersus
760 3307 792 3366 in
814 3306 948 3367 undas“.
993 3324 1021 3373 v.
1047 3303 1128 3372 275:
1177 3305 1326 3382 „Credere
1348 3305 1415 3388 quis

172 3431 276 3501 posset
303 3449 345 3462 -
375 3417 556 3478 Euersorem
587 3418 686 3478 Asiae
708 3417 840 3496 foderet
868 3419 953 3502 quod
981 3420 1079 3478 cultor
1109 3418 1237 3498 agelli“.
1282 3436 1311 3482 v.
1335 3415 1414 3480 940:

178 3531 271 3610 „Mos
293 3543 362 3589 erat
385 3529 526 3606 arbitrii,
550 3533 635 3616 quod
656 3532 771 3614 dispar
793 3532 930 3593 calculus
953 3532 1041 3591 iret“.

278 3636 480 3705 Particulom
513 3644 581 3721 „ur“
619 3639 817 3707 Dracontius
847 3639 946 3706 semel
972 3638 1166 3706 insolentius
1188 3657 1262 3704 cum
1295 3644 1414 3721 „decet‘

176 3750 362 3836 coniungit:
397 3752 438 3822 V.
461 3751 542 3818 286:
581 3757 656 3832 „Sic
685 3759 770 3818 decet
791 3771 825 3818 ut
837 3758 944 3835 sortis
966 3758 1084 3831 lassos,
1121 3768 1154 3813 ut
1183 3747 1287 3814 dioes'
1301 3769 1417 3836 egentes

178 3868 270 3929 Ciues
291 3869 373 3928 ciuis
396 3872 499 3929 ames‘
524 3864 596 3952 (cfr.
620 3865 728 3950 Spart.
752 3864 825 3936 Diti
846 3865 908 3934 Iul.
933 3864 990 3952 5.).

281 3975 392 4044 Verbo
414 3977 591 4044 coniuncte
612 3997 686 4043 cnm
709 3978 914 4045 coniunctivo
945 3977 1064 4044 omissa
1085 3976 1249 4061 porticula
1275 3982 1345 4056 „ut‘
1371 3977 1418 4042 iu·

177 4088 351 4156 veniuntur
372 4088 461 4173 apud
482 4088 697 4156 Dracontium
719 4096 852 4174 praeter
874 4089 944 4170 illu,
968 4110 1051 4175 quae
1075 4088 1163 4175 apud
1186 4110 1297 4155 omnes
1319 4089 1415 4173 scrip-

177 4204 265 4268 tores
287 4201 334 4268 sic
355 4206 514 4287 usurpata
536 4207 629 4284 sunt,
652 4200 757 4270 velut:
791 4206 922 4283 „iubere
945 4227 1075 4283 monere,
1099 4226 1192 4266 orare
1214 4208 1288 4266 etc!
1319 4201 1415 4268 etium

166 4311 268 4398 -heec,
291 4334 375 4401 quae
393 4313 473 4384 mihi
495 4314 659 4385 mentione
674 4313 773 4400 digno
794 4315 970 4383 visisunt:
995 4321 1207 4402 ,exoptaret
1228 4312 1320 4384 VIII.
1337 4313 1415 4379 loo:
