<?xml version="1.0" encoding="UTF-8"?>
<!DOCTYPE html PUBLIC "-//W3C//DTD XHTML 1.0 Transitional//EN"
    "http://www.w3.org/TR/xhtml1/DTD/xhtml1-transitional.dtd">
<html xmlns="http://www.w3.org/1999/xhtml" xml:lang="en" lang="en">
 <head>
  <title>
</title>
<meta http-equiv="Content-Type" content="text/html;charset=utf-8" />
  <meta name='ocr-system' content='tesseract 3.04.00' />
  <meta name='ocr-capabilities' content='ocr_page ocr_carea ocr_par ocr_line ocrx_word'/>
</head>
<body>
  <div class='ocr_page' id='page_1' title='image "./quaestionesgram00westgoog_0040.png"; bbox 0 0 3146 4810; ppageno 0'>
   <div class='ocr_carea' id='block_1_1' title="bbox 764 209 808 276">
    <p class='ocr_par' dir='ltr' id='par_1_1' title="bbox 764 209 808 276">
     <span class='ocr_line' id='line_1_1' title="bbox 764 209 808 276; baseline 0.091 -4"><span class='ocrx_word' id='word_1_1' title='bbox 764 209 808 276; x_wconf 78' lang='grc'><strong>33</strong></span> 
     </span>
    </p>
   </div>
   <div class='ocr_carea' id='block_1_2' title="bbox 678 297 883 308">
    <p class='ocr_par' dir='ltr' id='par_1_2' title="bbox 678 297 883 308">
     <span class='ocr_line' id='line_1_2' title="bbox 678 297 883 308; baseline 0.01 -4"><span class='ocrx_word' id='word_1_2' title='bbox 678 297 883 308; x_wconf 80' lang='lat'>——-—</span> 
     </span>
    </p>
   </div>
   <div class='ocr_carea' id='block_1_3' title="bbox 156 397 1409 4084">
    <p class='ocr_par' dir='ltr' id='par_1_3' title="bbox 156 397 1409 4084">
     <span class='ocr_line' id='line_1_3' title="bbox 156 397 1403 486; baseline -0.005 -22"><span class='ocrx_word' id='word_1_3' title='bbox 156 405 309 465; x_wconf 81' lang='lat' dir='ltr'><strong>matris“.</strong></span> <span class='ocrx_word' id='word_1_4' title='bbox 355 399 426 486; x_wconf 84' lang='lat' dir='ltr'><strong>(cir.</strong></span> <span class='ocrx_word' id='word_1_5' title='bbox 448 399 542 485; x_wconf 89' lang='lat' dir='ltr'><strong>Prop.</strong></span> <span class='ocrx_word' id='word_1_6' title='bbox 572 399 599 468; x_wconf 91' lang='lat'><strong>1.</strong></span> <span class='ocrx_word' id='word_1_7' title='bbox 627 403 657 468; x_wconf 88' lang='grc'><strong>6.</strong></span> <span class='ocrx_word' id='word_1_8' title='bbox 683 403 735 470; x_wconf 80' lang='grc'><strong>33.</strong></span> <span class='ocrx_word' id='word_1_9' title='bbox 780 398 863 467; x_wconf 86' lang='lat' dir='ltr'><strong>Gell.</strong></span> <span class='ocrx_word' id='word_1_10' title='bbox 888 399 939 466; x_wconf 90' lang='grc'><strong>16.</strong></span> <span class='ocrx_word' id='word_1_11' title='bbox 969 397 1001 465; x_wconf 85' lang='grc'><strong>3.</strong></span> <span class='ocrx_word' id='word_1_12' title='bbox 1024 398 1079 484; x_wconf 81' lang='grc'><strong>2.).</strong></span> <span class='ocrx_word' id='word_1_13' title='bbox 1123 417 1152 468; x_wconf 82' lang='lat' dir='ltr'><strong>v.</strong></span> <span class='ocrx_word' id='word_1_14' title='bbox 1173 398 1257 471; x_wconf 79' lang='lat' dir='ltr'><strong>ets:</strong></span> <span class='ocrx_word' id='word_1_15' title='bbox 1297 423 1350 478; x_wconf 69' lang='lat' dir='ltr'><strong>„nt</strong></span> <span class='ocrx_word' id='word_1_16' title='bbox 1373 424 1403 460; x_wconf 77' lang='lat' dir='ltr'><strong>se</strong></span> 
     </span>
     <span class='ocr_line' id='line_1_4' title="bbox 157 508 1375 597; baseline -0.004 -20"><span class='ocrx_word' id='word_1_17' title='bbox 157 517 327 577; x_wconf 84' lang='lat' dir='ltr'><strong>subducere</strong></span> <span class='ocrx_word' id='word_1_18' title='bbox 346 529 468 597; x_wconf 79' lang='lat' dir='ltr'><em>possent</em></span> <span class='ocrx_word' id='word_1_19' title='bbox 487 518 552 575; x_wconf 86' lang='lat' dir='ltr'><strong>Aut</strong></span> <span class='ocrx_word' id='word_1_20' title='bbox 574 517 673 574; x_wconf 87' lang='lat' dir='ltr'><strong>armis</strong></span> <span class='ocrx_word' id='word_1_21' title='bbox 694 515 836 593; x_wconf 87' lang='lat' dir='ltr'><strong>conferre</strong></span> <span class='ocrx_word' id='word_1_22' title='bbox 856 535 993 589; x_wconf 86' lang='lat' dir='ltr'><strong>manum,</strong></span> <span class='ocrx_word' id='word_1_23' title='bbox 1015 510 1180 592; x_wconf 73' lang='lat' dir='ltr'><strong>defindere</strong></span> <span class='ocrx_word' id='word_1_24' title='bbox 1200 508 1375 596; x_wconf 79' lang='lat' dir='ltr'><strong>citam“.*)</strong></span> 
     </span>
     <span class='ocr_line' id='line_1_5' title="bbox 266 619 1403 696; baseline -0.004 -6"><span class='ocrx_word' id='word_1_25' title='bbox 266 625 497 690; x_wconf 83' lang='lat' dir='ltr'><strong>Accusativum</strong></span> <span class='ocrx_word' id='word_1_26' title='bbox 517 645 591 688; x_wconf 91' lang='lat' dir='ltr'><strong>cum</strong></span> <span class='ocrx_word' id='word_1_27' title='bbox 613 623 773 690; x_wconf 78' lang='lat' dir='ltr'><strong>infinitivo</strong></span> <span class='ocrx_word' id='word_1_28' title='bbox 797 623 1007 691; x_wconf 86' lang='lat' dir='ltr'><strong>coniunctum</strong></span> <span class='ocrx_word' id='word_1_29' title='bbox 1030 621 1226 696; x_wconf 78' lang='lat' dir='ltr'><strong>Dracontius</strong></span> <span class='ocrx_word' id='word_1_30' title='bbox 1248 619 1299 687; x_wconf 85' lang='lat' dir='ltr'><strong>his</strong></span> <span class='ocrx_word' id='word_1_31' title='bbox 1323 621 1403 687; x_wconf 87' lang='lat' dir='ltr'><strong>locis</strong></span> 
     </span>
     <span class='ocr_line' id='line_1_6' title="bbox 156 736 1403 824; baseline -0.005 -20"><span class='ocrx_word' id='word_1_32' title='bbox 156 737 354 824; x_wconf 80' lang='lat' dir='ltr'><strong>insolentius</strong></span> <span class='ocrx_word' id='word_1_33' title='bbox 386 736 536 802; x_wconf 81' lang='lat' dir='ltr'><strong>admisit:</strong></span> <span class='ocrx_word' id='word_1_34' title='bbox 573 736 615 806; x_wconf 85' lang='lat'><strong>11.</strong></span> <span class='ocrx_word' id='word_1_35' title='bbox 636 737 697 802; x_wconf 82' lang='lat'><strong>36:</strong></span> <span class='ocrx_word' id='word_1_36' title='bbox 738 754 851 824; x_wconf 75' lang='lat' dir='ltr'><strong>,optas</strong></span> <span class='ocrx_word' id='word_1_37' title='bbox 873 741 1008 800; x_wconf 78' lang='lat' dir='ltr'><strong>nomines</strong></span> <span class='ocrx_word' id='word_1_38' title='bbox 1029 740 1078 798; x_wconf 78' lang='lat' dir='ltr'><strong>tis</strong></span> <span class='ocrx_word' id='word_1_39' title='bbox 1101 738 1223 819; x_wconf 76' lang='lat' dir='ltr'><em>ignibus</em></span> <span class='ocrx_word' id='word_1_40' title='bbox 1245 751 1329 798; x_wconf 86' lang='lat' dir='ltr'><strong>ustos</strong></span> <span class='ocrx_word' id='word_1_41' title='bbox 1351 737 1403 798; x_wconf 88' lang='lat' dir='ltr'><strong>In·</strong></span> 
     </span>
     <span class='ocr_line' id='line_1_7' title="bbox 158 848 1402 933; baseline -0.003 -19"><span class='ocrx_word' id='word_1_42' title='bbox 158 855 265 914; x_wconf 87' lang='lat' dir='ltr'><strong>licitos</strong></span> <span class='ocrx_word' id='word_1_43' title='bbox 287 855 412 913; x_wconf 81' lang='lat' dir='ltr'><strong>violare</strong></span> <span class='ocrx_word' id='word_1_44' title='bbox 432 853 546 913; x_wconf 83' lang='lat' dir='ltr'><strong>toros“.</strong></span> <span class='ocrx_word' id='word_1_45' title='bbox 585 848 676 913; x_wconf 88' lang='lat' dir='ltr'><strong>VIII.</strong></span> <span class='ocrx_word' id='word_1_46' title='bbox 703 851 782 913; x_wconf 82' lang='lat'><strong>163:</strong></span> <span class='ocrx_word' id='word_1_47' title='bbox 812 852 998 927; x_wconf 83' lang='lat' dir='ltr'><strong>,Priamum</strong></span> <span class='ocrx_word' id='word_1_48' title='bbox 1012 851 1121 929; x_wconf 86' lang='lat' dir='ltr'><strong>faciet</strong></span> <span class='ocrx_word' id='word_1_49' title='bbox 1141 872 1201 911; x_wconf 90' lang='lat' dir='ltr'><strong>non</strong></span> <span class='ocrx_word' id='word_1_50' title='bbox 1225 872 1287 908; x_wconf 86' lang='lat' dir='ltr'><strong>esse</strong></span> <span class='ocrx_word' id='word_1_51' title='bbox 1307 851 1402 933; x_wconf 82' lang='lat' dir='ltr'><strong>sepul·</strong></span> 
     </span>
     <span class='ocr_line' id='line_1_8' title="bbox 158 956 1403 1051; baseline -0.002 -25"><span class='ocrx_word' id='word_1_52' title='bbox 158 968 256 1026; x_wconf 85' lang='lat' dir='ltr'><strong>tnm“.</strong></span> <span class='ocrx_word' id='word_1_53' title='bbox 301 961 369 1029; x_wconf 80' lang='lat' dir='ltr'><strong>Sat.</strong></span> <span class='ocrx_word' id='word_1_54' title='bbox 401 965 460 1028; x_wconf 87' lang='lat'><strong>13:</strong></span> <span class='ocrx_word' id='word_1_55' title='bbox 494 966 576 1051; x_wconf 83' lang='lat' dir='ltr'><strong>„Qui</strong></span> <span class='ocrx_word' id='word_1_56' title='bbox 590 964 686 1042; x_wconf 80' lang='lat' dir='ltr'><strong>facis</strong></span> <span class='ocrx_word' id='word_1_57' title='bbox 708 966 811 1023; x_wconf 86' lang='lat' dir='ltr'><strong>iratus</strong></span> <span class='ocrx_word' id='word_1_58' title='bbox 833 965 968 1023; x_wconf 82' lang='lat' dir='ltr'><strong>homines</strong></span> <span class='ocrx_word' id='word_1_59' title='bbox 990 963 1155 1036; x_wconf 83' lang='lat' dir='ltr'><strong>contraria</strong></span> <span class='ocrx_word' id='word_1_60' title='bbox 1177 962 1285 1023; x_wconf 82' lang='lat' dir='ltr'><strong>oelle“.</strong></span> <span class='ocrx_word' id='word_1_61' title='bbox 1330 956 1403 1043; x_wconf 76' lang='lat' dir='ltr'><strong>(cfr.</strong></span> 
     </span>
     <span class='ocr_line' id='line_1_9' title="bbox 159 1071 1404 1160; baseline -0.008 -18"><span class='ocrx_word' id='word_1_62' title='bbox 159 1074 229 1146; x_wconf 74' lang='lat' dir='ltr'><strong>Sat.</strong></span> <span class='ocrx_word' id='word_1_63' title='bbox 253 1073 350 1160; x_wconf 67' lang='lat' dir='ltr'><strong>tlt).</strong></span> <span class='ocrx_word' id='word_1_64' title='bbox 379 1112 423 1122; x_wconf 90' lang='lat'>—</span> <span class='ocrx_word' id='word_1_65' title='bbox 453 1073 509 1141; x_wconf 70' lang='lat' dir='ltr'><strong>IX.</strong></span> <span class='ocrx_word' id='word_1_66' title='bbox 526 1071 614 1144; x_wconf 71' lang='grc' dir='ltr'><strong>Ι127ζ</strong></span> <span class='ocrx_word' id='word_1_67' title='bbox 653 1077 716 1136; x_wconf 86' lang='lat' dir='ltr'><strong>Nec</strong></span> <span class='ocrx_word' id='word_1_68' title='bbox 746 1075 841 1136; x_wconf 81' lang='lat' dir='ltr'><strong>dabis</strong></span> <span class='ocrx_word' id='word_1_69' title='bbox 865 1077 978 1136; x_wconf 86' lang='lat' dir='ltr'><strong>occisos</strong></span> <span class='ocrx_word' id='word_1_70' title='bbox 1001 1079 1123 1135; x_wconf 80' lang='lat' dir='ltr'><strong>iuvenes</strong></span> <span class='ocrx_word' id='word_1_71' title='bbox 1149 1076 1324 1142; x_wconf 79' lang='lat' dir='ltr'><em>Acheronta</em></span> <span class='ocrx_word' id='word_1_72' title='bbox 1347 1096 1404 1134; x_wconf 86' lang='lat' dir='ltr'><strong>na-</strong></span> 
     </span>
     <span class='ocr_line' id='line_1_10' title="bbox 159 1180 1400 1269; baseline -0.004 -18"><span class='ocrx_word' id='word_1_73' title='bbox 159 1191 263 1253; x_wconf 84' lang='lat' dir='ltr'><strong>tare“.</strong></span> <span class='ocrx_word' id='word_1_74' title='bbox 286 1184 349 1251; x_wconf 86' lang='lat' dir='ltr'><strong>Sed</strong></span> <span class='ocrx_word' id='word_1_75' title='bbox 363 1189 438 1269; x_wconf 84' lang='lat' dir='ltr'><strong>post</strong></span> <span class='ocrx_word' id='word_1_76' title='bbox 453 1183 543 1266; x_wconf 88' lang='lat' dir='ltr'><strong>haec,</strong></span> <span class='ocrx_word' id='word_1_77' title='bbox 567 1204 650 1268; x_wconf 89' lang='lat' dir='ltr'><strong>quae</strong></span> <span class='ocrx_word' id='word_1_78' title='bbox 671 1182 780 1266; x_wconf 85' lang='lat' dir='ltr'><strong>attuli,</strong></span> <span class='ocrx_word' id='word_1_79' title='bbox 802 1185 904 1249; x_wconf 83' lang='lat' dir='ltr'><strong>rerba</strong></span> <span class='ocrx_word' id='word_1_80' title='bbox 920 1183 1125 1250; x_wconf 85' lang='lat' dir='ltr'><strong>accusativus</strong></span> <span class='ocrx_word' id='word_1_81' title='bbox 1139 1202 1214 1248; x_wconf 89' lang='lat' dir='ltr'><strong>cum</strong></span> <span class='ocrx_word' id='word_1_82' title='bbox 1230 1180 1400 1262; x_wconf 84' lang='lat' dir='ltr'><strong>infinitivo,</strong></span> 
     </span>
     <span class='ocr_line' id='line_1_11' title="bbox 160 1296 1404 1382; baseline -0.002 -18"><span class='ocrx_word' id='word_1_83' title='bbox 160 1296 313 1382; x_wconf 85' lang='lat' dir='ltr'><strong>quamvis</strong></span> <span class='ocrx_word' id='word_1_84' title='bbox 343 1297 531 1378; x_wconf 78' lang='lat' dir='ltr'>rarissime,</span> <span class='ocrx_word' id='word_1_85' title='bbox 562 1318 622 1381; x_wconf 89' lang='lat' dir='ltr'><strong>per</strong></span> <span class='ocrx_word' id='word_1_86' title='bbox 653 1317 765 1363; x_wconf 84' lang='lat' dir='ltr'><strong>omnes</strong></span> <span class='ocrx_word' id='word_1_87' title='bbox 794 1296 972 1362; x_wconf 76' lang='lat' dir='ltr'><strong>latinitatis</strong></span> <span class='ocrx_word' id='word_1_88' title='bbox 994 1299 1120 1362; x_wconf 88' lang='lat' dir='ltr'><strong>aetates</strong></span> <span class='ocrx_word' id='word_1_89' title='bbox 1142 1299 1319 1380; x_wconf 79' lang='lat' dir='ltr'><strong>usurpatus</strong></span> <span class='ocrx_word' id='word_1_90' title='bbox 1343 1299 1404 1362; x_wconf 84' lang='lat' dir='ltr'><strong>est.</strong></span> 
     </span>
     <span class='ocr_line' id='line_1_12' title="bbox 160 1407 1404 1496; baseline -0.003 -21"><span class='ocrx_word' id='word_1_91' title='bbox 160 1409 235 1476; x_wconf 84' lang='lat' dir='ltr'><strong>Alio</strong></span> <span class='ocrx_word' id='word_1_92' title='bbox 259 1408 406 1496; x_wconf 88' lang='lat' dir='ltr'><strong>exemplo</strong></span> <span class='ocrx_word' id='word_1_93' title='bbox 424 1407 610 1476; x_wconf 86' lang='lat' dir='ltr'><strong>confirmari</strong></span> <span class='ocrx_word' id='word_1_94' title='bbox 633 1429 697 1474; x_wconf 91' lang='lat' dir='ltr'><strong>non</strong></span> <span class='ocrx_word' id='word_1_95' title='bbox 719 1413 847 1493; x_wconf 84' lang='lat' dir='ltr'><strong>potest:</strong></span> <span class='ocrx_word' id='word_1_96' title='bbox 874 1409 932 1482; x_wconf 74' lang='grc' dir='ltr'><strong>ΙΧ.</strong></span> <span class='ocrx_word' id='word_1_97' title='bbox 953 1408 1012 1477; x_wconf 81' lang='lat'><strong>78:</strong></span> <span class='ocrx_word' id='word_1_98' title='bbox 1047 1413 1247 1487; x_wconf 81' lang='lat' dir='ltr'><strong>,Hectoreum</strong></span> <span class='ocrx_word' id='word_1_99' title='bbox 1268 1412 1298 1469; x_wconf 90' lang='lat' dir='ltr'><strong>si</strong></span> <span class='ocrx_word' id='word_1_100' title='bbox 1312 1410 1404 1488; x_wconf 77' lang='lat' dir='ltr'><strong>forte</strong></span> 
     </span>
     <span class='ocr_line' id='line_1_13' title="bbox 159 1517 1405 1606; baseline -0.002 -20"><span class='ocrx_word' id='word_1_101' title='bbox 159 1547 253 1586; x_wconf 85' lang='lat' dir='ltr'><strong>canes</strong></span> <span class='ocrx_word' id='word_1_102' title='bbox 276 1524 402 1585; x_wconf 87' lang='lat' dir='ltr'><strong>laniare</strong></span> <span class='ocrx_word' id='word_1_103' title='bbox 423 1524 567 1584; x_wconf 82' lang='lat' dir='ltr'><strong>cadauer</strong></span> <span class='ocrx_word' id='word_1_104' title='bbox 589 1524 662 1606; x_wconf 86' lang='lat' dir='ltr'><strong>Ipse</strong></span> <span class='ocrx_word' id='word_1_105' title='bbox 682 1527 818 1606; x_wconf 81' lang='lat' dir='ltr'><strong>paras‘.</strong></span> <span class='ocrx_word' id='word_1_106' title='bbox 840 1557 883 1568; x_wconf 91' lang='lat'>-</span> <span class='ocrx_word' id='word_1_107' title='bbox 907 1520 1002 1586; x_wconf 78' lang='lat' dir='ltr'><strong>Talia</strong></span> <span class='ocrx_word' id='word_1_108' title='bbox 1024 1518 1188 1604; x_wconf 79' lang='lat' dir='ltr'><strong>exempla,</strong></span> <span class='ocrx_word' id='word_1_109' title='bbox 1221 1539 1306 1602; x_wconf 79' lang='lat' dir='ltr'><strong>quae</strong></span> <span class='ocrx_word' id='word_1_110' title='bbox 1328 1517 1405 1584; x_wconf 80' lang='lat' dir='ltr'><strong>affe·</strong></span> 
     </span>
     <span class='ocr_line' id='line_1_14' title="bbox 160 1631 1404 1718; baseline 0.003 -21"><span class='ocrx_word' id='word_1_111' title='bbox 160 1638 296 1714; x_wconf 84' lang='lat' dir='ltr'><strong>rantur,</strong></span> <span class='ocrx_word' id='word_1_112' title='bbox 319 1631 418 1718; x_wconf 82' lang='lat' dir='ltr'><strong>digna</strong></span> <span class='ocrx_word' id='word_1_113' title='bbox 440 1632 541 1698; x_wconf 87' lang='lat' dir='ltr'><strong>etiam</strong></span> <span class='ocrx_word' id='word_1_114' title='bbox 563 1633 598 1697; x_wconf 91' lang='lat' dir='ltr'><strong>in</strong></span> <span class='ocrx_word' id='word_1_115' title='bbox 620 1632 746 1698; x_wconf 86' lang='lat' dir='ltr'><strong>Orestis</strong></span> <span class='ocrx_word' id='word_1_116' title='bbox 770 1631 940 1716; x_wconf 81' lang='lat' dir='ltr'><strong>tragoedia</strong></span> <span class='ocrx_word' id='word_1_117' title='bbox 962 1634 1110 1713; x_wconf 81' lang='lat' dir='ltr'><strong>exstant,</strong></span> <span class='ocrx_word' id='word_1_118' title='bbox 1145 1631 1235 1697; x_wconf 84' lang='lat' dir='ltr'><strong>velut</strong></span> <span class='ocrx_word' id='word_1_119' title='bbox 1270 1653 1299 1700; x_wconf 80' lang='lat' dir='ltr'><strong>v.</strong></span> <span class='ocrx_word' id='word_1_120' title='bbox 1322 1632 1404 1701; x_wconf 74' lang='lat'><strong>343:</strong></span> 
     </span>
     <span class='ocr_line' id='line_1_15' title="bbox 162 1729 1403 1831; baseline 0.002 -23"><span class='ocrx_word' id='word_1_121' title='bbox 162 1749 333 1824; x_wconf 71' lang='lat' dir='ltr'><strong>„Lachesis</strong></span> <span class='ocrx_word' id='word_1_122' title='bbox 347 1785 391 1794; x_wconf 97' lang='lat'><em>-</em></span> <span class='ocrx_word' id='word_1_123' title='bbox 407 1750 574 1811; x_wconf 85' lang='lat' dir='ltr'><strong>Censuerat</strong></span> <span class='ocrx_word' id='word_1_124' title='bbox 594 1770 696 1828; x_wconf 81' lang='lat' dir='ltr'><strong>regent</strong></span> <span class='ocrx_word' id='word_1_125' title='bbox 719 1763 786 1808; x_wconf 85' lang='lat' dir='ltr'><strong>tam</strong></span> <span class='ocrx_word' id='word_1_126' title='bbox 809 1749 894 1831; x_wconf 81' lang='lat' dir='ltr'><strong>turpi</strong></span> <span class='ocrx_word' id='word_1_127' title='bbox 915 1759 1011 1807; x_wconf 85' lang='lat' dir='ltr'><strong>morte</strong></span> <span class='ocrx_word' id='word_1_128' title='bbox 1024 1729 1157 1830; x_wconf 71' lang='lat' dir='ltr'><strong>perire‘.</strong></span> <span class='ocrx_word' id='word_1_129' title='bbox 1182 1742 1255 1829; x_wconf 80' lang='lat' dir='ltr'><strong>(cir.</strong></span> <span class='ocrx_word' id='word_1_130' title='bbox 1271 1765 1299 1814; x_wconf 82' lang='lat' dir='ltr'><strong>v.</strong></span> <span class='ocrx_word' id='word_1_131' title='bbox 1314 1743 1403 1831; x_wconf 82' lang='lat'><strong>590).</strong></span> 
     </span>
     <span class='ocr_line' id='line_1_16' title="bbox 159 1855 1406 1944; baseline 0 -22"><span class='ocrx_word' id='word_1_132' title='bbox 159 1857 223 1922; x_wconf 90' lang='lat' dir='ltr'><strong>Hic</strong></span> <span class='ocrx_word' id='word_1_133' title='bbox 245 1876 325 1922; x_wconf 84' lang='lat' dir='ltr'><strong>usus</strong></span> <span class='ocrx_word' id='word_1_134' title='bbox 347 1855 434 1941; x_wconf 84' lang='lat' dir='ltr'><strong>apud</strong></span> <span class='ocrx_word' id='word_1_135' title='bbox 457 1877 568 1923; x_wconf 87' lang='lat' dir='ltr'><strong>omnes</strong></span> <span class='ocrx_word' id='word_1_136' title='bbox 590 1857 658 1922; x_wconf 87' lang='lat' dir='ltr'><strong>fere</strong></span> <span class='ocrx_word' id='word_1_137' title='bbox 681 1858 858 1944; x_wconf 80' lang='lat' dir='ltr'><strong>scriptores</strong></span> <span class='ocrx_word' id='word_1_138' title='bbox 879 1855 956 1922; x_wconf 90' lang='lat' dir='ltr'><strong>inde</strong></span> <span class='ocrx_word' id='word_1_139' title='bbox 979 1876 999 1921; x_wconf 85' lang='lat' dir='ltr'><strong>a</strong></span> <span class='ocrx_word' id='word_1_140' title='bbox 1020 1855 1184 1922; x_wconf 81' lang='lat' dir='ltr'><strong>Ciceronis</strong></span> <span class='ocrx_word' id='word_1_141' title='bbox 1206 1861 1325 1938; x_wconf 87' lang='lat' dir='ltr'><strong>aetate,</strong></span> <span class='ocrx_word' id='word_1_142' title='bbox 1348 1856 1406 1923; x_wconf 87' lang='lat' dir='ltr'><strong>sed</strong></span> 
     </span>
     <span class='ocr_line' id='line_1_17' title="bbox 161 1967 1404 2058; baseline 0.001 -26"><span class='ocrx_word' id='word_1_143' title='bbox 161 1989 250 2051; x_wconf 86' lang='lat' dir='ltr'><strong>raro,</strong></span> <span class='ocrx_word' id='word_1_144' title='bbox 272 1969 446 2037; x_wconf 85' lang='lat' dir='ltr'><strong>invenitur.</strong></span> <span class='ocrx_word' id='word_1_145' title='bbox 471 1967 544 2056; x_wconf 82' lang='lat' dir='ltr'><strong>(cfr.</strong></span> <span class='ocrx_word' id='word_1_146' title='bbox 567 1969 646 2035; x_wconf 90' lang='lat' dir='ltr'><strong>Hor.</strong></span> <span class='ocrx_word' id='word_1_147' title='bbox 670 1991 719 2055; x_wconf 77' lang='lat' dir='ltr'><strong>ep.</strong></span> <span class='ocrx_word' id='word_1_148' title='bbox 740 1971 767 2038; x_wconf 95' lang='grc' dir='ltr'><strong>Ι.</strong></span> <span class='ocrx_word' id='word_1_149' title='bbox 791 1973 821 2036; x_wconf 76' lang='lat' dir='ltr'><strong>t.</strong></span> <span class='ocrx_word' id='word_1_150' title='bbox 845 1969 899 2058; x_wconf 84' lang='lat'><strong>9.).</strong></span> <span class='ocrx_word' id='word_1_151' title='bbox 921 1991 951 2036; x_wconf 82' lang='lat' dir='ltr'><strong>r.</strong></span> <span class='ocrx_word' id='word_1_152' title='bbox 975 1972 1036 2034; x_wconf 89' lang='lat'><strong>46:</strong></span> <span class='ocrx_word' id='word_1_153' title='bbox 1064 1973 1223 2057; x_wconf 82' lang='lat' dir='ltr'><strong>„Imperat</strong></span> <span class='ocrx_word' id='word_1_154' title='bbox 1242 1972 1404 2034; x_wconf 80' lang='lat' dir='ltr'><strong>indomitis</strong></span> 
     </span>
     <span class='ocr_line' id='line_1_18' title="bbox 159 2081 1406 2168; baseline 0.004 -26"><span class='ocrx_word' id='word_1_155' title='bbox 159 2083 320 2168; x_wconf 84' lang='lat' dir='ltr'><strong>praedam</strong></span> <span class='ocrx_word' id='word_1_156' title='bbox 340 2085 466 2167; x_wconf 85' lang='lat' dir='ltr'><strong>praeire</strong></span> <span class='ocrx_word' id='word_1_157' title='bbox 489 2087 664 2163; x_wconf 80' lang='lat' dir='ltr'><strong>Mycenis“,</strong></span> <span class='ocrx_word' id='word_1_158' title='bbox 688 2082 744 2148; x_wconf 88' lang='lat' dir='ltr'><strong>ubi</strong></span> <span class='ocrx_word' id='word_1_159' title='bbox 767 2081 947 2148; x_wconf 82' lang='lat' dir='ltr'><strong>infinitivus</strong></span> <span class='ocrx_word' id='word_1_160' title='bbox 970 2082 1069 2148; x_wconf 82' lang='lat' dir='ltr'><strong>activi</strong></span> <span class='ocrx_word' id='word_1_161' title='bbox 1091 2081 1221 2166; x_wconf 82' lang='lat' dir='ltr'><strong>legitur,</strong></span> <span class='ocrx_word' id='word_1_162' title='bbox 1244 2083 1336 2148; x_wconf 80' lang='lat' dir='ltr'><strong>ouius</strong></span> <span class='ocrx_word' id='word_1_163' title='bbox 1357 2083 1406 2148; x_wconf 87' lang='lat' dir='ltr'><strong>rai</strong></span> 
     </span>
     <span class='ocr_line' id='line_1_19' title="bbox 162 2192 1405 2280; baseline 0.002 -24"><span class='ocrx_word' id='word_1_164' title='bbox 162 2192 347 2276; x_wconf 86' lang='lat' dir='ltr'><strong>Draegerus</strong></span> <span class='ocrx_word' id='word_1_165' title='bbox 370 2193 468 2277; x_wconf 82' lang='lat' dir='ltr'><strong>(synt.</strong></span> <span class='ocrx_word' id='word_1_166' title='bbox 489 2192 563 2264; x_wconf 85' lang='lat' dir='ltr'><strong>hist.</strong></span> <span class='ocrx_word' id='word_1_167' title='bbox 585 2193 627 2260; x_wconf 90' lang='lat'><strong>11.</strong></span> <span class='ocrx_word' id='word_1_168' title='bbox 650 2215 681 2279; x_wconf 87' lang='lat' dir='ltr'><strong>p.</strong></span> <span class='ocrx_word' id='word_1_169' title='bbox 702 2193 793 2280; x_wconf 89' lang='grc'><strong>410.)</strong></span> <span class='ocrx_word' id='word_1_170' title='bbox 823 2195 949 2280; x_wconf 83' lang='lat' dir='ltr'><strong>septem</strong></span> <span class='ocrx_word' id='word_1_171' title='bbox 971 2199 1100 2259; x_wconf 85' lang='lat' dir='ltr'><strong>tantum</strong></span> <span class='ocrx_word' id='word_1_172' title='bbox 1123 2193 1271 2278; x_wconf 87' lang='lat' dir='ltr'><strong>exempla</strong></span> <span class='ocrx_word' id='word_1_173' title='bbox 1293 2193 1405 2280; x_wconf 82' lang='lat' dir='ltr'><strong>affert;</strong></span> 
     </span>
     <span class='ocr_line' id='line_1_20' title="bbox 159 2301 1406 2391; baseline -0.001 -23"><span class='ocrx_word' id='word_1_174' title='bbox 159 2301 338 2369; x_wconf 81' lang='lat' dir='ltr'><strong>infinitivus</strong></span> <span class='ocrx_word' id='word_1_175' title='bbox 360 2306 482 2389; x_wconf 84' lang='lat' dir='ltr'><strong>passivi</strong></span> <span class='ocrx_word' id='word_1_176' title='bbox 503 2305 625 2390; x_wconf 86' lang='lat' dir='ltr'><strong>legitur</strong></span> <span class='ocrx_word' id='word_1_177' title='bbox 647 2328 674 2376; x_wconf 87' lang='lat' dir='ltr'><strong>v.</strong></span> <span class='ocrx_word' id='word_1_178' title='bbox 698 2306 772 2374; x_wconf 81' lang='lat'><strong>382.</strong></span> <span class='ocrx_word' id='word_1_179' title='bbox 794 2341 837 2354; x_wconf 94' lang='lat'>-</span> <span class='ocrx_word' id='word_1_180' title='bbox 858 2327 887 2374; x_wconf 86' lang='lat' dir='ltr'><strong>v.</strong></span> <span class='ocrx_word' id='word_1_181' title='bbox 905 2305 986 2370; x_wconf 76' lang='lat'><strong>598:</strong></span> <span class='ocrx_word' id='word_1_182' title='bbox 1010 2309 1176 2384; x_wconf 77' lang='lat' dir='ltr'><strong>‚Vitricus</strong></span> <span class='ocrx_word' id='word_1_183' title='bbox 1200 2309 1322 2391; x_wconf 85' lang='lat' dir='ltr'><strong>optabit</strong></span> <span class='ocrx_word' id='word_1_184' title='bbox 1344 2309 1406 2368; x_wconf 83' lang='lat' dir='ltr'><strong>tati</strong></span> 
     </span>
     <span class='ocr_line' id='line_1_21' title="bbox 163 2413 1407 2506; baseline 0.004 -28"><span class='ocrx_word' id='word_1_185' title='bbox 163 2443 196 2478; x_wconf 84' lang='lat' dir='ltr'><strong>se</strong></span> <span class='ocrx_word' id='word_1_186' title='bbox 213 2432 316 2506; x_wconf 79' lang='lat' dir='ltr'><strong>morte</strong></span> <span class='ocrx_word' id='word_1_187' title='bbox 329 2422 462 2502; x_wconf 59' lang='lat' dir='ltr'><strong>periret.</strong></span> <span class='ocrx_word' id='word_1_188' title='bbox 486 2459 529 2467; x_wconf 95' lang='lat'><em>-</em></span> <span class='ocrx_word' id='word_1_189' title='bbox 554 2413 679 2483; x_wconf 87' lang='lat' dir='ltr'><strong>Orestis</strong></span> <span class='ocrx_word' id='word_1_190' title='bbox 694 2416 886 2503; x_wconf 76' lang='lat' dir='ltr'><strong>tragoediae</strong></span> <span class='ocrx_word' id='word_1_191' title='bbox 900 2416 1081 2502; x_wconf 83' lang='lat' dir='ltr'><strong>peculiaria</strong></span> <span class='ocrx_word' id='word_1_192' title='bbox 1103 2422 1178 2483; x_wconf 88' lang='lat' dir='ltr'><strong>sunt</strong></span> <span class='ocrx_word' id='word_1_193' title='bbox 1198 2417 1280 2484; x_wconf 85' lang='lat' dir='ltr'><strong>haec</strong></span> <span class='ocrx_word' id='word_1_194' title='bbox 1301 2439 1407 2483; x_wconf 86' lang='lat' dir='ltr'><strong>exem-</strong></span> 
     </span>
     <span class='ocr_line' id='line_1_22' title="bbox 161 2530 1406 2618; baseline 0 -24"><span class='ocrx_word' id='word_1_195' title='bbox 161 2530 234 2615; x_wconf 79' lang='lat' dir='ltr'><strong>pla:</strong></span> <span class='ocrx_word' id='word_1_196' title='bbox 257 2552 285 2599; x_wconf 76' lang='lat' dir='ltr'><strong>v.</strong></span> <span class='ocrx_word' id='word_1_197' title='bbox 299 2532 381 2600; x_wconf 80' lang='lat'><strong>481:</strong></span> <span class='ocrx_word' id='word_1_198' title='bbox 405 2548 456 2610; x_wconf 70' lang='lat' dir='ltr'><strong>„tu</strong></span> <span class='ocrx_word' id='word_1_199' title='bbox 479 2536 550 2595; x_wconf 77' lang='lat' dir='ltr'><strong>dux</strong></span> <span class='ocrx_word' id='word_1_200' title='bbox 573 2537 692 2617; x_wconf 86' lang='lat' dir='ltr'><strong>impune</strong></span> <span class='ocrx_word' id='word_1_201' title='bbox 712 2535 864 2618; x_wconf 80' lang='lat' dir='ltr'><strong>relinques</strong></span> <span class='ocrx_word' id='word_1_202' title='bbox 885 2534 944 2594; x_wconf 85' lang='lat' dir='ltr'><strong>Tot</strong></span> <span class='ocrx_word' id='word_1_203' title='bbox 966 2535 1108 2594; x_wconf 84' lang='lat' dir='ltr'><strong>scelerum</strong></span> <span class='ocrx_word' id='word_1_204' title='bbox 1131 2548 1271 2594; x_wconf 77' lang='lat' dir='ltr'><strong>auctores</strong></span> <span class='ocrx_word' id='word_1_205' title='bbox 1298 2535 1406 2594; x_wconf 80' lang='lat' dir='ltr'><strong>victri-</strong></span> 
     </span>
     <span class='ocr_line' id='line_1_23' title="bbox 162 2647 1407 2731; baseline 0.001 -24"><span class='ocrx_word' id='word_1_206' title='bbox 162 2649 216 2707; x_wconf 87' lang='lat' dir='ltr'><strong>cia</strong></span> <span class='ocrx_word' id='word_1_207' title='bbox 238 2668 335 2727; x_wconf 83' lang='lat' dir='ltr'><strong>regna</strong></span> <span class='ocrx_word' id='word_1_208' title='bbox 358 2660 454 2706; x_wconf 87' lang='lat' dir='ltr'><strong>tenere</strong></span> <span class='ocrx_word' id='word_1_209' title='bbox 462 2650 497 2707; x_wconf 53' lang='grc' dir='ltr'><strong>,μ’</strong></span> <span class='ocrx_word' id='word_1_210' title='bbox 529 2665 558 2711; x_wconf 84' lang='lat' dir='ltr'><strong>v.</strong></span> <span class='ocrx_word' id='word_1_211' title='bbox 583 2647 663 2709; x_wconf 70' lang='lat'><strong>629:</strong></span> <span class='ocrx_word' id='word_1_212' title='bbox 691 2648 807 2725; x_wconf 80' lang='lat' dir='ltr'><strong>„Ibant</strong></span> <span class='ocrx_word' id='word_1_213' title='bbox 831 2647 951 2708; x_wconf 87' lang='lat' dir='ltr'><strong>obscuri</strong></span> <span class='ocrx_word' id='word_1_214' title='bbox 971 2660 1151 2731; x_wconf 71' lang='lat' dir='ltr'><strong>ptinerentes</strong></span> <span class='ocrx_word' id='word_1_215' title='bbox 1174 2669 1256 2706; x_wconf 71' lang='lat' dir='ltr'><strong>aaron</strong></span> <span class='ocrx_word' id='word_1_216' title='bbox 1278 2648 1407 2708; x_wconf 58' lang='lat' dir='ltr'><strong>lateret.</strong></span> 
     </span>
     <span class='ocr_line' id='line_1_24' title="bbox 267 2754 1409 2840; baseline 0.001 -21"><span class='ocrx_word' id='word_1_217' title='bbox 267 2755 449 2821; x_wconf 91' lang='lat' dir='ltr'><strong>Pronomen</strong></span> <span class='ocrx_word' id='word_1_218' title='bbox 474 2761 539 2837; x_wconf 83' lang='lat' dir='ltr'><strong>„se“</strong></span> <span class='ocrx_word' id='word_1_219' title='bbox 572 2757 641 2822; x_wconf 84' lang='lat' dir='ltr'><strong>vice</strong></span> <span class='ocrx_word' id='word_1_220' title='bbox 676 2755 816 2822; x_wconf 88' lang='lat' dir='ltr'><strong>subiecti</strong></span> <span class='ocrx_word' id='word_1_221' title='bbox 838 2755 976 2840; x_wconf 87' lang='lat' dir='ltr'><strong>fungens</strong></span> <span class='ocrx_word' id='word_1_222' title='bbox 999 2757 1033 2822; x_wconf 90' lang='lat' dir='ltr'><strong>in</strong></span> <span class='ocrx_word' id='word_1_223' title='bbox 1056 2754 1243 2822; x_wconf 84' lang='lat' dir='ltr'><strong>accusativo</strong></span> <span class='ocrx_word' id='word_1_224' title='bbox 1265 2775 1338 2820; x_wconf 86' lang='lat' dir='ltr'><strong>com</strong></span> <span class='ocrx_word' id='word_1_225' title='bbox 1361 2756 1409 2820; x_wconf 88' lang='lat' dir='ltr'><strong>in·</strong></span> 
     </span>
     <span class='ocr_line' id='line_1_25' title="bbox 161 2866 1408 2947; baseline 0.001 -17"><span class='ocrx_word' id='word_1_226' title='bbox 161 2866 288 2931; x_wconf 85' lang='lat' dir='ltr'><strong>finitivo</strong></span> <span class='ocrx_word' id='word_1_227' title='bbox 310 2868 483 2933; x_wconf 89' lang='lat' dir='ltr'><strong>coniuncto</strong></span> <span class='ocrx_word' id='word_1_228' title='bbox 506 2890 526 2932; x_wconf 85' lang='lat' dir='ltr'><strong>a</strong></span> <span class='ocrx_word' id='word_1_229' title='bbox 550 2868 729 2934; x_wconf 90' lang='lat' dir='ltr'><strong>Dracontio</strong></span> <span class='ocrx_word' id='word_1_230' title='bbox 754 2868 909 2934; x_wconf 88' lang='lat' dir='ltr'><strong>omissum</strong></span> <span class='ocrx_word' id='word_1_231' title='bbox 932 2874 983 2934; x_wconf 88' lang='lat' dir='ltr'><strong>est</strong></span> <span class='ocrx_word' id='word_1_232' title='bbox 1003 2869 1064 2936; x_wconf 90' lang='lat' dir='ltr'><strong>IX.</strong></span> <span class='ocrx_word' id='word_1_233' title='bbox 1088 2868 1169 2939; x_wconf 78' lang='lat'>14³:</span> <span class='ocrx_word' id='word_1_234' title='bbox 1198 2894 1278 2947; x_wconf 81' lang='lat' dir='ltr'><strong>,non</strong></span> <span class='ocrx_word' id='word_1_235' title='bbox 1301 2875 1408 2933; x_wconf 80' lang='lat' dir='ltr'><strong>sentiet</strong></span> 
     </span>
     <span class='ocr_line' id='line_1_26' title="bbox 164 2980 1409 3066; baseline 0.005 -24"><span class='ocrx_word' id='word_1_236' title='bbox 164 2981 279 3042; x_wconf 84' lang='lat' dir='ltr'><strong>Hector</strong></span> <span class='ocrx_word' id='word_1_237' title='bbox 305 3015 340 3026; x_wconf 92' lang='lat'><em>-</em></span> <span class='ocrx_word' id='word_1_238' title='bbox 366 2982 501 3043; x_wconf 75' lang='lat' dir='ltr'><strong>lacerum</strong></span> <span class='ocrx_word' id='word_1_239' title='bbox 531 2987 662 3044; x_wconf 84' lang='lat' dir='ltr'><strong>tenuisse</strong></span> <span class='ocrx_word' id='word_1_240' title='bbox 690 2984 864 3046; x_wconf 80' lang='lat' dir='ltr'><strong>cadaver“.</strong></span> <span class='ocrx_word' id='word_1_241' title='bbox 910 2980 960 3044; x_wconf 84' lang='lat' dir='ltr'><strong>Ex</strong></span> <span class='ocrx_word' id='word_1_242' title='bbox 992 2980 1117 3046; x_wconf 81' lang='lat' dir='ltr'><strong>Orestis</strong></span> <span class='ocrx_word' id='word_1_243' title='bbox 1145 2980 1316 3066; x_wconf 76' lang='lat' dir='ltr'><strong>tragoedia</strong></span> <span class='ocrx_word' id='word_1_244' title='bbox 1346 2981 1409 3048; x_wconf 79' lang='lat' dir='ltr'><strong>hoc</strong></span> 
     </span>
     <span class='ocr_line' id='line_1_27' title="bbox 163 3084 1407 3177; baseline 0.003 -24"><span class='ocrx_word' id='word_1_245' title='bbox 163 3089 346 3174; x_wconf 87' lang='lat' dir='ltr'><strong>exemplum</strong></span> <span class='ocrx_word' id='word_1_246' title='bbox 369 3084 541 3158; x_wconf 85' lang='lat' dir='ltr'><strong>adnotavi:</strong></span> <span class='ocrx_word' id='word_1_247' title='bbox 566 3114 595 3160; x_wconf 82' lang='lat' dir='ltr'><strong>v.</strong></span> <span class='ocrx_word' id='word_1_248' title='bbox 622 3093 699 3157; x_wconf 84' lang='lat'><strong>166:</strong></span> <span class='ocrx_word' id='word_1_249' title='bbox 733 3098 890 3171; x_wconf 71' lang='lat' dir='ltr'><strong>„minatus</strong></span> <span class='ocrx_word' id='word_1_250' title='bbox 913 3095 1055 3158; x_wconf 80' lang='lat' dir='ltr'><strong>Moribus</strong></span> <span class='ocrx_word' id='word_1_251' title='bbox 1078 3097 1238 3176; x_wconf 81' lang='lat' dir='ltr'><strong>Argolicis</strong></span> <span class='ocrx_word' id='word_1_252' title='bbox 1260 3097 1340 3177; x_wconf 81' lang='lat' dir='ltr'><strong>leges</strong></span> <span class='ocrx_word' id='word_1_253' title='bbox 1363 3100 1407 3157; x_wconf 83' lang='lat' dir='ltr'><strong>in-</strong></span> 
     </span>
     <span class='ocr_line' id='line_1_28' title="bbox 163 3203 1409 3284; baseline 0.006 -21"><span class='ocrx_word' id='word_1_254' title='bbox 163 3205 271 3264; x_wconf 82' lang='lat' dir='ltr'><strong>ducere</strong></span> <span class='ocrx_word' id='word_1_255' title='bbox 293 3208 432 3267; x_wconf 83' lang='lat' dir='ltr'><strong>castas“.</strong></span> <span class='ocrx_word' id='word_1_256' title='bbox 475 3204 598 3271; x_wconf 87' lang='lat' dir='ltr'><strong>Eodem</strong></span> <span class='ocrx_word' id='word_1_257' title='bbox 622 3205 718 3272; x_wconf 92' lang='lat' dir='ltr'><strong>modo</strong></span> <span class='ocrx_word' id='word_1_258' title='bbox 743 3212 846 3284; x_wconf 65' lang='grc' dir='ltr'><strong>,ιειιιηιι</strong></span> <span class='ocrx_word' id='word_1_259' title='bbox 872 3203 1077 3271; x_wconf 86' lang='lat' dir='ltr'><strong>desideratur</strong></span> <span class='ocrx_word' id='word_1_260' title='bbox 1107 3206 1149 3273; x_wconf 85' lang='lat' dir='ltr'><strong>V.</strong></span> <span class='ocrx_word' id='word_1_261' title='bbox 1174 3206 1245 3275; x_wconf 90' lang='grc'><strong>168.</strong></span> <span class='ocrx_word' id='word_1_262' title='bbox 1276 3205 1313 3276; x_wconf 90' lang='lat' dir='ltr'><strong>V.</strong></span> <span class='ocrx_word' id='word_1_263' title='bbox 1337 3207 1409 3278; x_wconf 78' lang='lat'><strong>191.</strong></span> 
     </span>
     <span class='ocr_line' id='line_1_29' title="bbox 266 3313 1408 3401; baseline 0.005 -23"><span class='ocrx_word' id='word_1_264' title='bbox 266 3313 305 3378; x_wconf 90' lang='lat' dir='ltr'><strong>ln</strong></span> <span class='ocrx_word' id='word_1_265' title='bbox 324 3315 636 3400; x_wconf 83' lang='lat' dir='ltr'><strong>interrogationibus</strong></span> <span class='ocrx_word' id='word_1_266' title='bbox 659 3317 847 3396; x_wconf 85' lang='lat' dir='ltr'><strong>indirectis,</strong></span> <span class='ocrx_word' id='word_1_267' title='bbox 884 3337 969 3401; x_wconf 90' lang='lat' dir='ltr'><strong>quae</strong></span> <span class='ocrx_word' id='word_1_268' title='bbox 1000 3322 1177 3400; x_wconf 82' lang='lat' dir='ltr'><strong>vocantur,</strong></span> <span class='ocrx_word' id='word_1_269' title='bbox 1212 3319 1408 3384; x_wconf 83' lang='lat' dir='ltr'><strong>Dracontius</strong></span> 
     </span>
     <span class='ocr_line' id='line_1_30' title="bbox 162 3426 1407 3515; baseline 0.001 -22"><span class='ocrx_word' id='word_1_270' title='bbox 162 3426 326 3493; x_wconf 89' lang='lat' dir='ltr'><strong>interdum</strong></span> <span class='ocrx_word' id='word_1_271' title='bbox 347 3427 561 3494; x_wconf 84' lang='lat' dir='ltr'><strong>indicativum</strong></span> <span class='ocrx_word' id='word_1_272' title='bbox 582 3429 726 3512; x_wconf 84' lang='lat' dir='ltr'><strong>admisit,</strong></span> <span class='ocrx_word' id='word_1_273' title='bbox 748 3430 854 3497; x_wconf 83' lang='lat' dir='ltr'><strong>velut:</strong></span> <span class='ocrx_word' id='word_1_274' title='bbox 900 3430 991 3502; x_wconf 86' lang='lat' dir='ltr'><strong>VIIL</strong></span> <span class='ocrx_word' id='word_1_275' title='bbox 1023 3431 1082 3496; x_wconf 89' lang='lat'><strong>30:</strong></span> <span class='ocrx_word' id='word_1_276' title='bbox 1119 3435 1268 3515; x_wconf 66' lang='lat' dir='ltr'><strong>,nulgate</strong></span> <span class='ocrx_word' id='word_1_277' title='bbox 1284 3455 1407 3514; x_wconf 81' lang='lat' dir='ltr'><strong>precor,</strong></span> 
     </span>
     <span class='ocr_line' id='line_1_31' title="bbox 162 3543 1407 3626; baseline 0.006 -26"><span class='ocrx_word' id='word_1_278' title='bbox 162 3563 244 3626; x_wconf 84' lang='lat' dir='ltr'><strong>quoe</strong></span> <span class='ocrx_word' id='word_1_279' title='bbox 265 3565 364 3603; x_wconf 84' lang='lat' dir='ltr'><strong>cansa</strong></span> <span class='ocrx_word' id='word_1_280' title='bbox 384 3559 536 3606; x_wconf 82' lang='lat' dir='ltr'><strong>nocentem</strong></span> <span class='ocrx_word' id='word_1_281' title='bbox 554 3547 643 3606; x_wconf 84' lang='lat' dir='ltr'><strong>Fecit</strong></span> <span class='ocrx_word' id='word_1_282' title='bbox 665 3547 920 3614; x_wconf 77' lang='lat' dir='ltr'><strong>Aleecandrum“.</strong></span> <span class='ocrx_word' id='word_1_283' title='bbox 947 3543 1037 3615; x_wconf 79' lang='lat' dir='ltr'><strong>VIII</strong></span> <span class='ocrx_word' id='word_1_284' title='bbox 1058 3543 1139 3609; x_wconf 73' lang='lat'><strong>222:</strong></span> <span class='ocrx_word' id='word_1_285' title='bbox 1177 3547 1258 3622; x_wconf 82' lang='lat' dir='ltr'><strong>,Dic</strong></span> <span class='ocrx_word' id='word_1_286' title='bbox 1280 3547 1334 3606; x_wconf 88' lang='lat' dir='ltr'><strong>ubi</strong></span> <span class='ocrx_word' id='word_1_287' title='bbox 1355 3548 1407 3607; x_wconf 83' lang='lat' dir='ltr'><strong>vis</strong></span> 
     </span>
     <span class='ocr_line' id='line_1_32' title="bbox 163 3655 1407 3742; baseline 0.003 -28"><span class='ocrx_word' id='word_1_288' title='bbox 163 3676 291 3716; x_wconf 86' lang='lat' dir='ltr'><strong>armare</strong></span> <span class='ocrx_word' id='word_1_289' title='bbox 312 3671 408 3734; x_wconf 84' lang='lat' dir='ltr'><strong>rates,</strong></span> <span class='ocrx_word' id='word_1_290' title='bbox 431 3658 484 3718; x_wconf 85' lang='lat' dir='ltr'><strong>ubi</strong></span> <span class='ocrx_word' id='word_1_291' title='bbox 506 3659 644 3720; x_wconf 85' lang='lat' dir='ltr'><strong>carbasa</strong></span> <span class='ocrx_word' id='word_1_292' title='bbox 667 3660 798 3721; x_wconf 82' lang='lat' dir='ltr'><strong>tendis“.</strong></span> <span class='ocrx_word' id='word_1_293' title='bbox 829 3655 917 3724; x_wconf 87' lang='lat' dir='ltr'><strong>VIII.</strong></span> <span class='ocrx_word' id='word_1_294' title='bbox 940 3658 1021 3722; x_wconf 74' lang='lat'><strong>244:</strong></span> <span class='ocrx_word' id='word_1_295' title='bbox 1050 3663 1248 3740; x_wconf 81' lang='lat' dir='ltr'><strong>„cognoscunt</strong></span> <span class='ocrx_word' id='word_1_296' title='bbox 1267 3680 1407 3742; x_wconf 81' lang='lat' dir='ltr'><strong>proceres</strong></span> 
     </span>
     <span class='ocr_line' id='line_1_33' title="bbox 163 3765 1405 3860; baseline 0.006 -33"><span class='ocrx_word' id='word_1_297' title='bbox 163 3789 224 3854; x_wconf 86' lang='lat' dir='ltr'><strong>quo</strong></span> <span class='ocrx_word' id='word_1_298' title='bbox 246 3771 310 3829; x_wconf 84' lang='lat' dir='ltr'><strong>tela</strong></span> <span class='ocrx_word' id='word_1_299' title='bbox 329 3772 521 3852; x_wconf 80' lang='lat' dir='ltr'><strong>parantur“.</strong></span> <span class='ocrx_word' id='word_1_300' title='bbox 561 3765 652 3838; x_wconf 88' lang='lat' dir='ltr'><strong>VIII.</strong></span> <span class='ocrx_word' id='word_1_301' title='bbox 676 3771 756 3835; x_wconf 84' lang='lat'><strong>261:</strong></span> <span class='ocrx_word' id='word_1_302' title='bbox 781 3773 884 3853; x_wconf 82' lang='lat' dir='ltr'><strong>„regis</strong></span> <span class='ocrx_word' id='word_1_303' title='bbox 906 3774 1020 3855; x_wconf 82' lang='lat' dir='ltr'><strong>pignus</strong></span> <span class='ocrx_word' id='word_1_304' title='bbox 1042 3771 1090 3830; x_wconf 84' lang='lat' dir='ltr'><strong>ad</strong></span> <span class='ocrx_word' id='word_1_305' title='bbox 1110 3771 1229 3860; x_wconf 78' lang='lat' dir='ltr'><strong>autern,</strong></span> <span class='ocrx_word' id='word_1_306' title='bbox 1253 3773 1326 3834; x_wconf 80' lang='lat' dir='ltr'><strong>Rex</strong></span> <span class='ocrx_word' id='word_1_307' title='bbox 1353 3772 1405 3834; x_wconf 84' lang='lat' dir='ltr'><strong>Te-</strong></span> 
     </span>
     <span class='ocr_line' id='line_1_34' title="bbox 163 3881 1405 3968; baseline 0.006 -27"><span class='ocrx_word' id='word_1_308' title='bbox 163 3882 286 3958; x_wconf 50' lang='lat' dir='ltr'><strong>larnona</strong></span> <span class='ocrx_word' id='word_1_309' title='bbox 308 3884 427 3943; x_wconf 82' lang='lat' dir='ltr'><strong>venisse</strong></span> <span class='ocrx_word' id='word_1_310' title='bbox 449 3898 536 3944; x_wconf 80' lang='lat' dir='ltr'><strong>tuane</strong></span> <span class='ocrx_word' id='word_1_311' title='bbox 557 3906 637 3968; x_wconf 84' lang='lat' dir='ltr'><strong>quae</strong></span> <span class='ocrx_word' id='word_1_312' title='bbox 658 3905 758 3944; x_wconf 83' lang='lat' dir='ltr'><strong>causa</strong></span> <span class='ocrx_word' id='word_1_313' title='bbox 780 3886 879 3965; x_wconf 82' lang='lat' dir='ltr'><strong>coegit</strong></span> <span class='ocrx_word' id='word_1_314' title='bbox 902 3885 1069 3946; x_wconf 83' lang='lat' dir='ltr'><strong>Insiratare</strong></span> <span class='ocrx_word' id='word_1_315' title='bbox 1090 3885 1205 3951; x_wconf 84' lang='lat' dir='ltr'><strong>decet“.</strong></span> <span class='ocrx_word' id='word_1_316' title='bbox 1242 3881 1302 3954; x_wconf 82' lang='lat' dir='ltr'><strong>IX.</strong></span> <span class='ocrx_word' id='word_1_317' title='bbox 1328 3885 1405 3954; x_wconf 84' lang='lat'><strong>184:</strong></span> 
     </span>
     <span class='ocr_line' id='line_1_35' title="bbox 164 3994 1406 4084; baseline 0.003 -30"><span class='ocrx_word' id='word_1_318' title='bbox 164 3994 347 4070; x_wconf 61' lang='lat' dir='ltr'><strong>„Invenient</strong></span> <span class='ocrx_word' id='word_1_319' title='bbox 368 4018 492 4076; x_wconf 80' lang='lat' dir='ltr'><strong>ungues,</strong></span> <span class='ocrx_word' id='word_1_320' title='bbox 515 4011 632 4081; x_wconf 83' lang='lat' dir='ltr'><strong>quanto</strong></span> <span class='ocrx_word' id='word_1_321' title='bbox 654 3998 810 4059; x_wconf 85' lang='lat' dir='ltr'><strong>descendit</strong></span> <span class='ocrx_word' id='word_1_322' title='bbox 827 4000 917 4058; x_wconf 78' lang='lat' dir='ltr'><strong>hiatu</strong></span> <span class='ocrx_word' id='word_1_323' title='bbox 935 4000 1044 4059; x_wconf 85' lang='lat' dir='ltr'><strong>Hasta</strong></span> <span class='ocrx_word' id='word_1_324' title='bbox 1059 4012 1178 4080; x_wconf 84' lang='lat' dir='ltr'><strong>potens,</strong></span> <span class='ocrx_word' id='word_1_325' title='bbox 1200 4011 1406 4084; x_wconf 82' lang='lat' dir='ltr'><strong>quantumque</strong></span> 
     </span>
    </p>
   </div>
   <div class='ocr_carea' id='block_1_4' title="bbox 161 4234 1402 4424">
    <p class='ocr_par' dir='ltr' id='par_1_4' title="bbox 161 4234 1402 4424">
     <span class='ocr_line' id='line_1_36' title="bbox 161 4234 1402 4317; baseline 0.002 -28"><span class='ocrx_word' id='word_1_326' title='bbox 161 4234 188 4306; x_wconf 79' lang='lat'><strong>*)</strong></span> <span class='ocrx_word' id='word_1_327' title='bbox 206 4234 279 4290; x_wconf 80' lang='lat' dir='ltr'><strong>Adn.</strong></span> <span class='ocrx_word' id='word_1_328' title='bbox 297 4237 340 4293; x_wconf 85' lang='lat'><strong>11.</strong></span> <span class='ocrx_word' id='word_1_329' title='bbox 374 4235 575 4317; x_wconf 73' lang='lat' dir='ltr'><strong>„defendere‘</strong></span> <span class='ocrx_word' id='word_1_330' title='bbox 596 4243 741 4308; x_wconf 85' lang='lat' dir='ltr'><strong>propterea</strong></span> <span class='ocrx_word' id='word_1_331' title='bbox 757 4237 825 4294; x_wconf 88' lang='lat' dir='ltr'><strong>mihi</strong></span> <span class='ocrx_word' id='word_1_332' title='bbox 842 4237 992 4294; x_wconf 77' lang='lat' dir='ltr'><strong>infinitivus</strong></span> <span class='ocrx_word' id='word_1_333' title='bbox 1006 4237 1110 4294; x_wconf 79' lang='lat' dir='ltr'><strong>consffii</strong></span> <span class='ocrx_word' id='word_1_334' title='bbox 1124 4251 1185 4292; x_wconf 84' lang='lat' dir='ltr'><strong>esee</strong></span> <span class='ocrx_word' id='word_1_335' title='bbox 1196 4235 1311 4305; x_wconf 85' lang='lat' dir='ltr'><strong>videtur,</strong></span> <span class='ocrx_word' id='word_1_336' title='bbox 1330 4235 1402 4306; x_wconf 85' lang='lat' dir='ltr'><strong>quod</strong></span> 
     </span>
     <span class='ocr_line' id='line_1_37' title="bbox 370 4340 1226 4424; baseline 0.005 -28"><span class='ocrx_word' id='word_1_337' title='bbox 370 4340 495 4398; x_wconf 83' lang='lat' dir='ltr'><strong>infinitivi</strong></span> <span class='ocrx_word' id='word_1_338' title='bbox 513 4343 716 4414; x_wconf 76' lang='lat' dir='ltr'><strong>„subducere‘</strong></span> <span class='ocrx_word' id='word_1_339' title='bbox 726 4349 761 4412; x_wconf 83' lang='lat' dir='ltr'><strong>et</strong></span> <span class='ocrx_word' id='word_1_340' title='bbox 778 4347 954 4424; x_wconf 69' lang='lat' dir='ltr'><strong>„nonsm‘</strong></span> <span class='ocrx_word' id='word_1_341' title='bbox 974 4344 1026 4400; x_wconf 82' lang='lat' dir='ltr'><strong>ribi</strong></span> <span class='ocrx_word' id='word_1_342' title='bbox 1043 4349 1226 4414; x_wconf 86' lang='lat' dir='ltr'><strong>opponuntur.</strong></span> 
     </span>
    </p>
   </div>
   <div class='ocr_carea' id='block_1_5' title="bbox 1228 4439 1248 4503">
    <p class='ocr_par' dir='ltr' id='par_1_5' title="bbox 1228 4439 1248 4503">
     <span class='ocr_line' id='line_1_38' title="bbox 1228 4439 1248 4503; baseline 0 0"><span class='ocrx_word' id='word_1_343' title='bbox 1228 4439 1248 4503; x_wconf 79' lang='lat' dir='ltr'><strong>t</strong></span> 
     </span>
    </p>
   </div>
   <div class='ocr_carea' id='block_1_6' title="bbox 0 0 1583 4810">
    <p class='ocr_par' dir='ltr' id='par_1_6' title="bbox 0 0 1583 4810">
     <span class='ocr_line' id='line_1_39' title="bbox 0 0 1583 4810; baseline 0 0"><span class='ocrx_word' id='word_1_344' title='bbox 0 0 1583 4810; x_wconf 95' lang='lat' dir='ltr'><strong> </strong></span> 
     </span>
    </p>
   </div>
  </div>
 </body>
</html>
