3146 4810
789 305 809 368 2

174 490 276 578 squ),
307 511 381 558 cum
402 493 522 558 multos
545 494 634 561 locos
658 517 698 561 ex
722 497 850 563 Orestis
880 496 1050 580 tragoedia
1072 497 1201 578 attulit,
1236 498 1292 580 qui
1316 496 1415 560 etiam

172 603 260 688 apud
276 604 488 672 Dracontium
509 605 728 673 inveniuntur.
773 608 875 688 Idem,
899 608 986 693 quod
1008 609 1173 693 Peiperus,
1197 607 1415 692 Rossbcrgius

172 736 301 801 quoque
323 718 536 803 comprobare
557 720 687 786 studuit
709 723 984 787 commentatione
1006 719 1228 805 Gdttingensi,
1260 741 1344 804 quae
1365 721 1416 784 in-

172 829 341 896 scribitur:
387 838 459 911 „De
488 839 664 897 Dracoutt'o
694 852 721 896 ct
755 840 892 914 Orestis,
927 858 1008 920 quae
1036 851 1191 912 vocatur,
1228 836 1416 914 tragoediae

171 960 297 1006 auctore
326 947 488 1008 eorundem
514 963 678 1031 poetarum
711 951 851 1030 Vergilii
879 949 990 1010 Ovidii
1024 951 1148 1010 Lucani
1181 951 1284 1009 Statii
1320 949 1414 1009 Clau·

170 1057 268 1119 dicul
300 1061 546 1150 imitat-oribus&
592 1059 733 1125 Nordac.
765 1060 860 1124 1880.
907 1057 968 1124 Sed
1002 1057 1074 1136 hic,
1112 1059 1259 1141 quamvis
1293 1057 1414 1122 multos

168 1169 304 1234 maximi
337 1171 492 1235 momenti
520 1169 609 1236 locos
640 1172 816 1252 invenerit,
852 1171 1004 1236 editionis
1029 1170 1154 1236 Orestis
1180 1169 1414 1254 tragoediaea

164 1280 306 1365 Peipcro
321 1286 457 1366 paratae
474 1284 633 1349 rationem
656 1304 721 1349 non
743 1283 858 1349 habuit
873 1285 985 1367 Itaque
1007 1283 1128 1348 multos
1149 1282 1246 1363 locos,
1269 1282 1326 1365 qui
1347 1281 1412 1346 iam

163 1394 206 1458 in
239 1391 297 1458 illo
330 1373 441 1459 libello
475 1394 624 1461 adnotati
659 1402 770 1480 erant,
807 1417 840 1462 se
870 1397 1012 1481 prImum
1041 1395 1205 1460 invenisse
1235 1394 1410 1462 contendit.

162 1503 326 1571 Nonnulli
341 1506 440 1571 etlam
456 1506 520 1572 loci
534 1529 555 1573 a
567 1507 703 1593 Peipcro
719 1509 786 1573 iam
799 1507 928 1574 laudati
938 1507 1171 1592 Rossbcrgium
1187 1505 1412 1593 effugerunt*).

163 1713 192 1783 ¹¹)
213 1711 283 1768 Adn.
304 1715 327 1770 1.
360 1713 455 1769 Liceat
471 1714 550 1782 mihi,
578 1715 634 1769 illis
656 1715 724 1770 locIs
750 1715 899 1785 aPeipero
917 1714 1008 1770 allatis
1032 1714 1178 1768 nonnullos
1200 1712 1313 1779 addere,
1344 1728 1413 1782 quos

357 1808 427 1864 haec
444 1810 565 1865 carniae
581 1811 725 1880 perlegens
743 1811 889 1866 adnotavi:

356 1905 438 1961 Drac.
457 1905 530 1961 VIII.
548 1906 596 1960 74:
616 1905 742 1960 Concidit
758 1912 787 1960 et
804 1905 906 1961 Scaeae
918 1908 1061 1962 iacuerunt
1078 1905 1193 1959 limina
1211 1910 1340 1973 portae.

359 1999 405 2056 Or.
421 2006 491 2070 trag.
511 2000 576 2058 593:
1002 2017 1052 2071 per
1071 2001 1191 2053 limina
1210 2003 1332 2068 portae

618 2096 743 2152 Obsidet.

356 2192 436 2247 Drac.
455 2191 528 2249 VIII.
546 2192 610 2248 263:
829 2194 859 2248 si
878 2192 1026 2246 iusseris
1045 2191 1137 2260 ipse,
1156 2190 1311 2258 loquentur.

359 2285 405 2342 Or.
422 2292 491 2356 trag.
510 2287 558 2341 II:
775 2290 861 2358 quasi
880 2287 1030 2342 iusseris
1049 2286 1122 2355 ipse
1142 2286 1271 2340 venirem.

357 2381 437 2436 Drac.
455 2383 502 2438 IX.
522 2383 585 2440 104:
609 2383 711 2439 Hector
730 2385 761 2438 iu
782 2384 880 2438 hoste
900 2383 967 2437 fuit
984 2397 1107 2436 saevus
1126 2397 1186 2434 cum
1207 2380 1263 2432 vita
1280 2383 1409 2434 maneret.

356 2477 402 2533 Or.
419 2483 490 2547 trag.
516 2481 580 2536 Ill:
609 2479 702 2546 Qualis
720 2480 753 2534 in
772 2480 869 2534 hoste
889 2479 960 2534 luit
977 2484 1052 2531 trux
1070 2476 1254 2530 irrevocabilis
1273 2475 1350 2528 Aiax.

444 2572 547 2640 Quibus
566 2572 664 2628 addam
683 2575 830 2628 nonnullos
849 2575 922 2628 locos
940 2575 975 2628 ab
994 2574 1054 2627 aliis
1073 2571 1192 2625 noudum
1210 2571 1355 2634 indicatos,
1375 2583 1409 2622 ax

356 2667 454 2737 quibus
470 2667 571 2734 elucet,
600 2673 767 2737 quantopere
792 2675 887 2723 auctor
905 2674 1080 2737 utrorumque
1098 2667 1246 2720 carminum
1265 2663 1409 2733 suiipsius

354 2760 475 2816 imitator
493 2760 589 2815 luerit:

357 2855 436 2912 Drac.
454 2855 489 2909 11.
507 2857 555 2911 26:
590 2857 628 2912 Et
646 2858 757 2928 clipeo
776 2861 948 2915 rutilante
966 2863 1065 2915 tonet
1082 2857 1144 2912 dum
1164 2857 1241 2910 miles
1258 2855 1372 2910 adulter.

390 2990 405 3018 „
440 2951 487 3007 IV.
506 2952 552 3008 43:
571 2952 647 3018 Quae
659 2953 774 3023 clipeo
787 2957 956 3009 rutilante
969 2961 1080 3022 tonas,
1095 2966 1164 3022 quae
1179 2951 1291 3006 fulmina
1305 2950 1405 3005 vibras.

391 3085 406 3113 „
452 3047 487 3102 II.
508 3048 554 3103 73:
574 3050 646 3102 Arcu
666 3048 770 3104 cinctus
789 3058 855 3118 erat,
875 3051 975 3105 dantur
992 3054 1072 3119 post
1088 3054 1194 3117 terga
1211 3047 1405 3117 pharetrae.

390 3180 405 3209 „
441 3141 488 3196 Vl.
506 3143 556 3197 46:
581 3143 641 3198 Huc
664 3144 731 3199 ades
754 3153 874 3201 armatus
891 3144 983 3200 fluidis
1001 3149 1083 3215 post
1100 3150 1199 3212 terga
1216 3138 1404 3211 pharetris.

391 3274 406 3303 „
441 3238 556 3293 11.113:
583 3239 713 3294 Tendunt
736 3242 856 3296 membra
884 3242 963 3295 simul
987 3240 1092 3294 cunctis
1111 3232 1404 3306 respIrathIatus

581 3334 660 3390 Oris
679 3341 709 3391 et
728 3338 769 3390 ad
788 3338 877 3391 crines
896 3336 1003 3404 digiti
1020 3335 1202 3389 mittuntur
1219 3327 1376 3383 amantum?

390 3467 406 3497 ‚,
441 3429 474 3484 X.
491 3430 555 3484 232:
1130 3446 1177 3483 cur
1195 3427 1314 3496 explicat
1331 3430 1406 3479 artus

580 3527 636 3582 Aut
652 3528 743 3597 tangit
762 3545 810 3584 cur
832 3543 914 3599 saepe
936 3533 1032 3598 caput,
1058 3524 1124 3597 quid
1147 3525 1260 3595 spirat
1284 3520 1408 3574 hiatus

581 3621 660 3678 Oris
680 3629 712 3677 et
730 3624 770 3679 ad
788 3640 884 3678 zonam
905 3623 1008 3694 digiti
1028 3622 1211 3675 mittuntur
1228 3613 1366 3671 inermes?

390 3755 405 3785 „
440 3715 488 3771 ΠΙ.
507 3717 556 3773 20:
580 3717 662 3772 Nam
680 3726 738 3774 tua
757 3721 845 3788 sint,
864 3731 1092 3790 quaecunque
1109 3717 1215 3784 loquor,
1241 3724 1408 3783 quaecun-

580 3828 798 3882 quecanemus.

388 3945 402 3974 „
422 3906 478 3962 Sat.
494 3907 557 3962 113:
575 3907 656 3962 Nam
675 3914 733 3964 tua
756 3911 844 3978 sint,
871 3923 1099 3981 quascunque
1123 3906 1205 3976 gerit,
1233 3917 1408 3975 quaecun-

579 4005 778 4072 queiubebit.

368 4125 371 4132 ·
389 4134 403 4161 „
440 4097 485 4152 IV.
504 4097 553 4150 23:
580 4099 695 4153 Sibila
714 4101 905 4159 vibrabant
923 4103 1025 4173 linguis
1043 4103 1078 4159 ab
1096 4102 1201 4157 dente
1219 4097 1346 4154 trisulcis.

391 4231 406 4258 „
441 4192 474 4246 X.
489 4195 554 4248 loc:
579 4195 695 4251 SibiIa
713 4196 831 4267 vipereis
849 4199 997 4254 vibrant
1015 4200 1075 4254 sub
1094 4196 1260 4254 dentibus
1277 4207 1391 4263 angues.

368 4323 404 4371 ¹„
439 4286 550 4342 v.312:
574 4289 737 4344 Gramina
761 4306 829 4345 non
855 4297 986 4362 tangunt,
1013 4294 1151 4350 luriunt
1176 4289 1234 4346 scd
1262 4287 1408 4345 fulmius

582 4398 706 4452 quercus.

390 4511 404 4544 „
424 4473 481 4530 Sat.
490 4474 540 4529 277
547 4490 554 4532 ε
578 4477 743 4534 Fulmina
759 4495 826 4535 uon
846 4482 977 4540 feriunt
994 4484 1130 4554 reptantia
1148 4483 1300 4551 gramina
1317 4479 1407 4535 terris.
